%YAML 1.1
%TAG !u! tag:unity3d.com,2011:
--- !u!29 &1
OcclusionCullingSettings:
  m_ObjectHideFlags: 0
  serializedVersion: 2
  m_OcclusionBakeSettings:
    smallestOccluder: 5
    smallestHole: 0.25
    backfaceThreshold: 100
  m_SceneGUID: 00000000000000000000000000000000
  m_OcclusionCullingData: {fileID: 0}
--- !u!104 &2
RenderSettings:
  m_ObjectHideFlags: 0
  serializedVersion: 9
  m_Fog: 0
  m_FogColor: {r: 0.5, g: 0.5, b: 0.5, a: 1}
  m_FogMode: 3
  m_FogDensity: 0.01
  m_LinearFogStart: 0
  m_LinearFogEnd: 300
  m_AmbientSkyColor: {r: 0, g: 0, b: 0, a: 1}
  m_AmbientEquatorColor: {r: 0.114, g: 0.125, b: 0.133, a: 1}
  m_AmbientGroundColor: {r: 0.047, g: 0.043, b: 0.035, a: 1}
  m_AmbientIntensity: 0
  m_AmbientMode: 3
  m_SubtractiveShadowColor: {r: 0, g: 0, b: 0, a: 1}
  m_SkyboxMaterial: {fileID: 0}
  m_HaloStrength: 0.5
  m_FlareStrength: 1
  m_FlareFadeSpeed: 3
  m_HaloTexture: {fileID: 0}
  m_SpotCookie: {fileID: 10001, guid: 0000000000000000e000000000000000, type: 0}
  m_DefaultReflectionMode: 0
  m_DefaultReflectionResolution: 128
  m_ReflectionBounces: 1
  m_ReflectionIntensity: 1
  m_CustomReflection: {fileID: 0}
  m_Sun: {fileID: 0}
  m_IndirectSpecularColor: {r: 0, g: 0, b: 0, a: 1}
  m_UseRadianceAmbientProbe: 0
--- !u!157 &3
LightmapSettings:
  m_ObjectHideFlags: 0
  serializedVersion: 12
  m_GIWorkflowMode: 1
  m_GISettings:
    serializedVersion: 2
    m_BounceScale: 1
    m_IndirectOutputScale: 1
    m_AlbedoBoost: 1
    m_EnvironmentLightingMode: 0
    m_EnableBakedLightmaps: 1
    m_EnableRealtimeLightmaps: 0
  m_LightmapEditorSettings:
    serializedVersion: 12
    m_Resolution: 2
    m_BakeResolution: 40
    m_AtlasSize: 1024
    m_AO: 0
    m_AOMaxDistance: 1
    m_CompAOExponent: 1
    m_CompAOExponentDirect: 0
    m_ExtractAmbientOcclusion: 0
    m_Padding: 2
    m_LightmapParameters: {fileID: 0}
    m_LightmapsBakeMode: 1
    m_TextureCompression: 1
    m_FinalGather: 0
    m_FinalGatherFiltering: 1
    m_FinalGatherRayCount: 256
    m_ReflectionCompression: 2
    m_MixedBakeMode: 2
    m_BakeBackend: 1
    m_PVRSampling: 1
    m_PVRDirectSampleCount: 32
    m_PVRSampleCount: 512
    m_PVRBounces: 2
    m_PVREnvironmentSampleCount: 256
    m_PVREnvironmentReferencePointCount: 2048
    m_PVRFilteringMode: 1
    m_PVRDenoiserTypeDirect: 1
    m_PVRDenoiserTypeIndirect: 1
    m_PVRDenoiserTypeAO: 1
    m_PVRFilterTypeDirect: 0
    m_PVRFilterTypeIndirect: 0
    m_PVRFilterTypeAO: 0
    m_PVREnvironmentMIS: 1
    m_PVRCulling: 1
    m_PVRFilteringGaussRadiusDirect: 1
    m_PVRFilteringGaussRadiusIndirect: 5
    m_PVRFilteringGaussRadiusAO: 2
    m_PVRFilteringAtrousPositionSigmaDirect: 0.5
    m_PVRFilteringAtrousPositionSigmaIndirect: 2
    m_PVRFilteringAtrousPositionSigmaAO: 1
    m_ExportTrainingData: 0
    m_TrainingDataDestination: TrainingData
    m_LightProbeSampleCountMultiplier: 4
  m_LightingDataAsset: {fileID: 0}
  m_LightingSettings: {fileID: 0}
--- !u!196 &4
NavMeshSettings:
  serializedVersion: 2
  m_ObjectHideFlags: 0
  m_BuildSettings:
    serializedVersion: 2
    agentTypeID: 0
    agentRadius: 0.5
    agentHeight: 2
    agentSlope: 45
    agentClimb: 0.4
    ledgeDropHeight: 0
    maxJumpAcrossDistance: 0
    minRegionArea: 2
    manualCellSize: 0
    cellSize: 0.16666667
    manualTileSize: 0
    tileSize: 256
    accuratePlacement: 0
    maxJobWorkers: 0
    preserveTilesOutsideBounds: 0
    debug:
      m_Flags: 0
  m_NavMeshData: {fileID: 0}
--- !u!114 &3766586 stripped
MonoBehaviour:
  m_CorrespondingSourceObject: {fileID: 1475971441, guid: f4b8a9cc07aca2f41907effc2036f1b8, type: 3}
  m_PrefabInstance: {fileID: 516046870}
  m_PrefabAsset: {fileID: 0}
  m_GameObject: {fileID: 0}
  m_Enabled: 1
  m_EditorHideFlags: 0
  m_Script: {fileID: 11500000, guid: 4e29b1a8efbd4b44bb3f3716e73f07ff, type: 3}
  m_Name: 
  m_EditorClassIdentifier: 
--- !u!114 &13265039 stripped
MonoBehaviour:
  m_CorrespondingSourceObject: {fileID: 4725350972392893903, guid: f4b8a9cc07aca2f41907effc2036f1b8, type: 3}
  m_PrefabInstance: {fileID: 516046870}
  m_PrefabAsset: {fileID: 0}
  m_GameObject: {fileID: 0}
  m_Enabled: 1
  m_EditorHideFlags: 0
  m_Script: {fileID: 11500000, guid: 4e29b1a8efbd4b44bb3f3716e73f07ff, type: 3}
  m_Name: 
  m_EditorClassIdentifier: 
--- !u!1 &173687262
GameObject:
  m_ObjectHideFlags: 0
  m_CorrespondingSourceObject: {fileID: 0}
  m_PrefabInstance: {fileID: 0}
  m_PrefabAsset: {fileID: 0}
  serializedVersion: 6
  m_Component:
  - component: {fileID: 173687263}
  - component: {fileID: 173687265}
  - component: {fileID: 173687264}
  m_Layer: 5
  m_Name: Additional
  m_TagString: Untagged
  m_Icon: {fileID: 0}
  m_NavMeshLayer: 0
  m_StaticEditorFlags: 0
  m_IsActive: 1
--- !u!224 &173687263
RectTransform:
  m_ObjectHideFlags: 0
  m_CorrespondingSourceObject: {fileID: 0}
  m_PrefabInstance: {fileID: 0}
  m_PrefabAsset: {fileID: 0}
  m_GameObject: {fileID: 173687262}
  m_LocalRotation: {x: -0, y: -0, z: -0, w: 1}
  m_LocalPosition: {x: 0, y: 0, z: 0}
  m_LocalScale: {x: 1, y: 1, z: 1}
  m_Children: []
  m_Father: {fileID: 992955656}
  m_RootOrder: 7
  m_LocalEulerAnglesHint: {x: 0, y: 0, z: 0}
  m_AnchorMin: {x: 0, y: 0}
  m_AnchorMax: {x: 1, y: 1}
  m_AnchoredPosition: {x: 0, y: -234}
  m_SizeDelta: {x: 484.4388, y: -748.51}
  m_Pivot: {x: 0.5, y: 0.5}
--- !u!114 &173687264
MonoBehaviour:
  m_ObjectHideFlags: 0
  m_CorrespondingSourceObject: {fileID: 0}
  m_PrefabInstance: {fileID: 0}
  m_PrefabAsset: {fileID: 0}
  m_GameObject: {fileID: 173687262}
  m_Enabled: 1
  m_EditorHideFlags: 0
  m_Script: {fileID: 11500000, guid: f4688fdb7df04437aeb418b961361dc5, type: 3}
  m_Name: 
  m_EditorClassIdentifier: 
  m_Material: {fileID: 0}
  m_Color: {r: 1, g: 1, b: 1, a: 1}
  m_RaycastTarget: 1
  m_RaycastPadding: {x: 0, y: 0, z: 0, w: 0}
  m_Maskable: 1
  m_OnCullStateChanged:
    m_PersistentCalls:
      m_Calls: []
  m_text: 'Additional: Hannah, Joe, Daniel'
  m_isRightToLeft: 0
  m_fontAsset: {fileID: 11400000, guid: 8f586378b4e144a9851e7b34d9b748ee, type: 2}
  m_sharedMaterial: {fileID: 2180264, guid: 8f586378b4e144a9851e7b34d9b748ee, type: 2}
  m_fontSharedMaterials: []
  m_fontMaterial: {fileID: 0}
  m_fontMaterials: []
  m_fontColor32:
    serializedVersion: 2
    rgba: 4281479730
  m_fontColor: {r: 0.19607843, g: 0.19607843, b: 0.19607843, a: 1}
  m_enableVertexGradient: 0
  m_colorMode: 3
  m_fontColorGradient:
    topLeft: {r: 1, g: 1, b: 1, a: 1}
    topRight: {r: 1, g: 1, b: 1, a: 1}
    bottomLeft: {r: 1, g: 1, b: 1, a: 1}
    bottomRight: {r: 1, g: 1, b: 1, a: 1}
  m_fontColorGradientPreset: {fileID: 0}
  m_spriteAsset: {fileID: 0}
  m_tintAllSprites: 0
  m_StyleSheet: {fileID: 0}
  m_TextStyleHashCode: -1183493901
  m_overrideHtmlColors: 0
  m_faceColor:
    serializedVersion: 2
    rgba: 4294967295
  m_fontSize: 64
  m_fontSizeBase: 64
  m_fontWeight: 400
  m_enableAutoSizing: 0
  m_fontSizeMin: 18
  m_fontSizeMax: 72
  m_fontStyle: 1
  m_HorizontalAlignment: 2
  m_VerticalAlignment: 512
  m_textAlignment: 65535
  m_characterSpacing: 0
  m_wordSpacing: 0
  m_lineSpacing: 0
  m_lineSpacingMax: 0
  m_paragraphSpacing: 0
  m_charWidthMaxAdj: 0
  m_enableWordWrapping: 1
  m_wordWrappingRatios: 0.4
  m_overflowMode: 0
  m_linkedTextComponent: {fileID: 0}
  parentLinkedComponent: {fileID: 0}
  m_enableKerning: 1
  m_enableExtraPadding: 0
  checkPaddingRequired: 0
  m_isRichText: 1
  m_parseCtrlCharacters: 1
  m_isOrthographic: 1
  m_isCullingEnabled: 0
  m_horizontalMapping: 0
  m_verticalMapping: 0
  m_uvLineOffset: 0
  m_geometrySortingOrder: 0
  m_IsTextObjectScaleStatic: 0
  m_VertexBufferAutoSizeReduction: 0
  m_useMaxVisibleDescender: 1
  m_pageToDisplay: 1
  m_margin: {x: 0, y: 0, z: 0, w: 0}
  m_isUsingLegacyAnimationComponent: 0
  m_isVolumetricText: 0
  m_hasFontAssetChanged: 0
  m_baseMaterial: {fileID: 0}
  m_maskOffset: {x: 0, y: 0, z: 0, w: 0}
--- !u!222 &173687265
CanvasRenderer:
  m_ObjectHideFlags: 0
  m_CorrespondingSourceObject: {fileID: 0}
  m_PrefabInstance: {fileID: 0}
  m_PrefabAsset: {fileID: 0}
  m_GameObject: {fileID: 173687262}
  m_CullTransparentMesh: 1
--- !u!114 &320567217 stripped
MonoBehaviour:
  m_CorrespondingSourceObject: {fileID: 5953739965156439338, guid: f4b8a9cc07aca2f41907effc2036f1b8, type: 3}
  m_PrefabInstance: {fileID: 516046870}
  m_PrefabAsset: {fileID: 0}
  m_GameObject: {fileID: 0}
  m_Enabled: 1
  m_EditorHideFlags: 0
  m_Script: {fileID: 11500000, guid: 4e29b1a8efbd4b44bb3f3716e73f07ff, type: 3}
  m_Name: 
  m_EditorClassIdentifier: 
--- !u!1001 &362301234
PrefabInstance:
  m_ObjectHideFlags: 0
  serializedVersion: 2
  m_Modification:
    m_TransformParent: {fileID: 0}
    m_Modifications:
    - target: {fileID: 327609689, guid: ca44a1adb6fb8e24083bf0e8652c8084, type: 3}
      propertyPath: m_IsActive
      value: 0
      objectReference: {fileID: 0}
    - target: {fileID: 853565216, guid: ca44a1adb6fb8e24083bf0e8652c8084, type: 3}
      propertyPath: m_IsActive
      value: 0
      objectReference: {fileID: 0}
    - target: {fileID: 1163140315, guid: ca44a1adb6fb8e24083bf0e8652c8084, type: 3}
      propertyPath: m_RenderPostProcessing
      value: 1
      objectReference: {fileID: 0}
    - target: {fileID: 1371012885, guid: ca44a1adb6fb8e24083bf0e8652c8084, type: 3}
      propertyPath: m_IsActive
      value: 0
      objectReference: {fileID: 0}
    - target: {fileID: 1766943572, guid: ca44a1adb6fb8e24083bf0e8652c8084, type: 3}
      propertyPath: m_RenderPostProcessing
      value: 1
      objectReference: {fileID: 0}
    - target: {fileID: 2072492227, guid: ca44a1adb6fb8e24083bf0e8652c8084, type: 3}
      propertyPath: m_IsActive
      value: 0
      objectReference: {fileID: 0}
    - target: {fileID: 8565805635688315061, guid: ca44a1adb6fb8e24083bf0e8652c8084, type: 3}
      propertyPath: m_ClearFlags
      value: 2
      objectReference: {fileID: 0}
    - target: {fileID: 8565805635688315061, guid: ca44a1adb6fb8e24083bf0e8652c8084, type: 3}
      propertyPath: m_BackGroundColor.b
      value: 0.066037714
      objectReference: {fileID: 0}
    - target: {fileID: 8565805635688315061, guid: ca44a1adb6fb8e24083bf0e8652c8084, type: 3}
      propertyPath: m_BackGroundColor.g
      value: 0.066037714
      objectReference: {fileID: 0}
    - target: {fileID: 8565805635688315061, guid: ca44a1adb6fb8e24083bf0e8652c8084, type: 3}
      propertyPath: m_BackGroundColor.r
      value: 0.066037714
      objectReference: {fileID: 0}
    - target: {fileID: 8565805636220318283, guid: ca44a1adb6fb8e24083bf0e8652c8084, type: 3}
      propertyPath: m_ClearFlags
      value: 2
      objectReference: {fileID: 0}
    - target: {fileID: 8565805636220318283, guid: ca44a1adb6fb8e24083bf0e8652c8084, type: 3}
      propertyPath: m_BackGroundColor.b
      value: 0.084905684
      objectReference: {fileID: 0}
    - target: {fileID: 8565805636220318283, guid: ca44a1adb6fb8e24083bf0e8652c8084, type: 3}
      propertyPath: m_BackGroundColor.g
      value: 0.084905684
      objectReference: {fileID: 0}
    - target: {fileID: 8565805636220318283, guid: ca44a1adb6fb8e24083bf0e8652c8084, type: 3}
      propertyPath: m_BackGroundColor.r
      value: 0.084905684
      objectReference: {fileID: 0}
    - target: {fileID: 8565805637464046132, guid: ca44a1adb6fb8e24083bf0e8652c8084, type: 3}
      propertyPath: m_RootOrder
      value: 3
      objectReference: {fileID: 0}
    - target: {fileID: 8565805637464046132, guid: ca44a1adb6fb8e24083bf0e8652c8084, type: 3}
      propertyPath: m_LocalPosition.x
      value: 0
      objectReference: {fileID: 0}
    - target: {fileID: 8565805637464046132, guid: ca44a1adb6fb8e24083bf0e8652c8084, type: 3}
      propertyPath: m_LocalPosition.y
      value: 0
      objectReference: {fileID: 0}
    - target: {fileID: 8565805637464046132, guid: ca44a1adb6fb8e24083bf0e8652c8084, type: 3}
      propertyPath: m_LocalPosition.z
      value: 0
      objectReference: {fileID: 0}
    - target: {fileID: 8565805637464046132, guid: ca44a1adb6fb8e24083bf0e8652c8084, type: 3}
      propertyPath: m_LocalRotation.w
      value: 1
      objectReference: {fileID: 0}
    - target: {fileID: 8565805637464046132, guid: ca44a1adb6fb8e24083bf0e8652c8084, type: 3}
      propertyPath: m_LocalRotation.x
      value: 0
      objectReference: {fileID: 0}
    - target: {fileID: 8565805637464046132, guid: ca44a1adb6fb8e24083bf0e8652c8084, type: 3}
      propertyPath: m_LocalRotation.y
      value: 0
      objectReference: {fileID: 0}
    - target: {fileID: 8565805637464046132, guid: ca44a1adb6fb8e24083bf0e8652c8084, type: 3}
      propertyPath: m_LocalRotation.z
      value: 0
      objectReference: {fileID: 0}
    - target: {fileID: 8565805637464046132, guid: ca44a1adb6fb8e24083bf0e8652c8084, type: 3}
      propertyPath: m_LocalEulerAnglesHint.x
      value: 0
      objectReference: {fileID: 0}
    - target: {fileID: 8565805637464046132, guid: ca44a1adb6fb8e24083bf0e8652c8084, type: 3}
      propertyPath: m_LocalEulerAnglesHint.y
      value: 0
      objectReference: {fileID: 0}
    - target: {fileID: 8565805637464046132, guid: ca44a1adb6fb8e24083bf0e8652c8084, type: 3}
      propertyPath: m_LocalEulerAnglesHint.z
      value: 0
      objectReference: {fileID: 0}
    - target: {fileID: 8565805637464046133, guid: ca44a1adb6fb8e24083bf0e8652c8084, type: 3}
      propertyPath: CameraMiniMap
      value: 
      objectReference: {fileID: 1341977076}
    - target: {fileID: 8565805637464046135, guid: ca44a1adb6fb8e24083bf0e8652c8084, type: 3}
      propertyPath: m_Name
      value: CameraCollection
      objectReference: {fileID: 0}
    - target: {fileID: 8565805637464046135, guid: ca44a1adb6fb8e24083bf0e8652c8084, type: 3}
      propertyPath: m_IsActive
      value: 0
      objectReference: {fileID: 0}
    m_RemovedComponents: []
  m_SourcePrefab: {fileID: 100100000, guid: ca44a1adb6fb8e24083bf0e8652c8084, type: 3}
--- !u!1001 &516046870
PrefabInstance:
  m_ObjectHideFlags: 0
  serializedVersion: 2
  m_Modification:
    m_TransformParent: {fileID: 0}
    m_Modifications:
    - target: {fileID: 169457403, guid: f4b8a9cc07aca2f41907effc2036f1b8, type: 3}
      propertyPath: m_OnClick.m_PersistentCalls.m_Calls.Array.size
      value: 3
      objectReference: {fileID: 0}
    - target: {fileID: 169457403, guid: f4b8a9cc07aca2f41907effc2036f1b8, type: 3}
      propertyPath: m_OnClick.m_PersistentCalls.m_Calls.Array.data[2].m_Mode
      value: 1
      objectReference: {fileID: 0}
    - target: {fileID: 169457403, guid: f4b8a9cc07aca2f41907effc2036f1b8, type: 3}
      propertyPath: m_OnClick.m_PersistentCalls.m_Calls.Array.data[2].m_Target
      value: 
      objectReference: {fileID: 614226732}
    - target: {fileID: 169457403, guid: f4b8a9cc07aca2f41907effc2036f1b8, type: 3}
      propertyPath: m_OnClick.m_PersistentCalls.m_Calls.Array.data[2].m_CallState
      value: 2
      objectReference: {fileID: 0}
    - target: {fileID: 169457403, guid: f4b8a9cc07aca2f41907effc2036f1b8, type: 3}
      propertyPath: m_OnClick.m_PersistentCalls.m_Calls.Array.data[2].m_MethodName
      value: Select
      objectReference: {fileID: 0}
    - target: {fileID: 169457403, guid: f4b8a9cc07aca2f41907effc2036f1b8, type: 3}
      propertyPath: m_OnClick.m_PersistentCalls.m_Calls.Array.data[2].m_TargetAssemblyTypeName
      value: UnityEngine.UI.Selectable, UnityEngine.UI
      objectReference: {fileID: 0}
    - target: {fileID: 169457403, guid: f4b8a9cc07aca2f41907effc2036f1b8, type: 3}
      propertyPath: m_OnClick.m_PersistentCalls.m_Calls.Array.data[2].m_Arguments.m_ObjectArgumentAssemblyTypeName
      value: UnityEngine.Object, UnityEngine
      objectReference: {fileID: 0}
    - target: {fileID: 1617573267, guid: f4b8a9cc07aca2f41907effc2036f1b8, type: 3}
      propertyPath: m_IsActive
      value: 0
      objectReference: {fileID: 0}
    - target: {fileID: 852512528399964751, guid: f4b8a9cc07aca2f41907effc2036f1b8, type: 3}
      propertyPath: m_AnchoredPosition.y
      value: -139.75
      objectReference: {fileID: 0}
    - target: {fileID: 1395278125880976102, guid: f4b8a9cc07aca2f41907effc2036f1b8, type: 3}
      propertyPath: m_AnchoredPosition.y
      value: -55.75
      objectReference: {fileID: 0}
    - target: {fileID: 2772491574036641892, guid: f4b8a9cc07aca2f41907effc2036f1b8, type: 3}
      propertyPath: m_OnClick.m_PersistentCalls.m_Calls.Array.size
      value: 3
      objectReference: {fileID: 0}
    - target: {fileID: 2772491574036641892, guid: f4b8a9cc07aca2f41907effc2036f1b8, type: 3}
      propertyPath: m_OnClick.m_PersistentCalls.m_Calls.Array.data[2].m_Mode
      value: 1
      objectReference: {fileID: 0}
    - target: {fileID: 2772491574036641892, guid: f4b8a9cc07aca2f41907effc2036f1b8, type: 3}
      propertyPath: m_OnClick.m_PersistentCalls.m_Calls.Array.data[1].m_Target
      value: 
      objectReference: {fileID: 1269697429}
    - target: {fileID: 2772491574036641892, guid: f4b8a9cc07aca2f41907effc2036f1b8, type: 3}
      propertyPath: m_OnClick.m_PersistentCalls.m_Calls.Array.data[2].m_Target
      value: 
      objectReference: {fileID: 2018594729}
    - target: {fileID: 2772491574036641892, guid: f4b8a9cc07aca2f41907effc2036f1b8, type: 3}
      propertyPath: m_OnClick.m_PersistentCalls.m_Calls.Array.data[2].m_CallState
      value: 2
      objectReference: {fileID: 0}
    - target: {fileID: 2772491574036641892, guid: f4b8a9cc07aca2f41907effc2036f1b8, type: 3}
      propertyPath: m_OnClick.m_PersistentCalls.m_Calls.Array.data[2].m_MethodName
      value: Select
      objectReference: {fileID: 0}
    - target: {fileID: 2772491574036641892, guid: f4b8a9cc07aca2f41907effc2036f1b8, type: 3}
      propertyPath: m_OnClick.m_PersistentCalls.m_Calls.Array.data[2].m_TargetAssemblyTypeName
      value: UnityEngine.UI.Selectable, UnityEngine.UI
      objectReference: {fileID: 0}
    - target: {fileID: 2772491574036641892, guid: f4b8a9cc07aca2f41907effc2036f1b8, type: 3}
      propertyPath: m_OnClick.m_PersistentCalls.m_Calls.Array.data[2].m_Arguments.m_BoolArgument
      value: 1
      objectReference: {fileID: 0}
    - target: {fileID: 2772491574036641892, guid: f4b8a9cc07aca2f41907effc2036f1b8, type: 3}
      propertyPath: m_OnClick.m_PersistentCalls.m_Calls.Array.data[2].m_Arguments.m_ObjectArgumentAssemblyTypeName
      value: UnityEngine.Object, UnityEngine
      objectReference: {fileID: 0}
    - target: {fileID: 4725350970909842405, guid: f4b8a9cc07aca2f41907effc2036f1b8, type: 3}
      propertyPath: m_IsActive
      value: 0
      objectReference: {fileID: 0}
    - target: {fileID: 4725350970923998481, guid: f4b8a9cc07aca2f41907effc2036f1b8, type: 3}
      propertyPath: m_Name
      value: MainMenu
      objectReference: {fileID: 0}
    - target: {fileID: 4725350970923998481, guid: f4b8a9cc07aca2f41907effc2036f1b8, type: 3}
      propertyPath: m_IsActive
      value: 1
      objectReference: {fileID: 0}
    - target: {fileID: 4725350970923998485, guid: f4b8a9cc07aca2f41907effc2036f1b8, type: 3}
      propertyPath: m_Pivot.x
      value: 0
      objectReference: {fileID: 0}
    - target: {fileID: 4725350970923998485, guid: f4b8a9cc07aca2f41907effc2036f1b8, type: 3}
      propertyPath: m_Pivot.y
      value: 0
      objectReference: {fileID: 0}
    - target: {fileID: 4725350970923998485, guid: f4b8a9cc07aca2f41907effc2036f1b8, type: 3}
      propertyPath: m_RootOrder
      value: 11
      objectReference: {fileID: 0}
    - target: {fileID: 4725350970923998485, guid: f4b8a9cc07aca2f41907effc2036f1b8, type: 3}
      propertyPath: m_AnchorMax.x
      value: 0
      objectReference: {fileID: 0}
    - target: {fileID: 4725350970923998485, guid: f4b8a9cc07aca2f41907effc2036f1b8, type: 3}
      propertyPath: m_AnchorMax.y
      value: 0
      objectReference: {fileID: 0}
    - target: {fileID: 4725350970923998485, guid: f4b8a9cc07aca2f41907effc2036f1b8, type: 3}
      propertyPath: m_AnchorMin.x
      value: 0
      objectReference: {fileID: 0}
    - target: {fileID: 4725350970923998485, guid: f4b8a9cc07aca2f41907effc2036f1b8, type: 3}
      propertyPath: m_AnchorMin.y
      value: 0
      objectReference: {fileID: 0}
    - target: {fileID: 4725350970923998485, guid: f4b8a9cc07aca2f41907effc2036f1b8, type: 3}
      propertyPath: m_SizeDelta.x
      value: 0
      objectReference: {fileID: 0}
    - target: {fileID: 4725350970923998485, guid: f4b8a9cc07aca2f41907effc2036f1b8, type: 3}
      propertyPath: m_SizeDelta.y
      value: 0
      objectReference: {fileID: 0}
    - target: {fileID: 4725350970923998485, guid: f4b8a9cc07aca2f41907effc2036f1b8, type: 3}
      propertyPath: m_LocalPosition.x
      value: 0
      objectReference: {fileID: 0}
    - target: {fileID: 4725350970923998485, guid: f4b8a9cc07aca2f41907effc2036f1b8, type: 3}
      propertyPath: m_LocalPosition.y
      value: 0
      objectReference: {fileID: 0}
    - target: {fileID: 4725350970923998485, guid: f4b8a9cc07aca2f41907effc2036f1b8, type: 3}
      propertyPath: m_LocalPosition.z
      value: 0
      objectReference: {fileID: 0}
    - target: {fileID: 4725350970923998485, guid: f4b8a9cc07aca2f41907effc2036f1b8, type: 3}
      propertyPath: m_LocalRotation.w
      value: 1
      objectReference: {fileID: 0}
    - target: {fileID: 4725350970923998485, guid: f4b8a9cc07aca2f41907effc2036f1b8, type: 3}
      propertyPath: m_LocalRotation.x
      value: 0
      objectReference: {fileID: 0}
    - target: {fileID: 4725350970923998485, guid: f4b8a9cc07aca2f41907effc2036f1b8, type: 3}
      propertyPath: m_LocalRotation.y
      value: 0
      objectReference: {fileID: 0}
    - target: {fileID: 4725350970923998485, guid: f4b8a9cc07aca2f41907effc2036f1b8, type: 3}
      propertyPath: m_LocalRotation.z
      value: 0
      objectReference: {fileID: 0}
    - target: {fileID: 4725350970923998485, guid: f4b8a9cc07aca2f41907effc2036f1b8, type: 3}
      propertyPath: m_AnchoredPosition.x
      value: 0
      objectReference: {fileID: 0}
    - target: {fileID: 4725350970923998485, guid: f4b8a9cc07aca2f41907effc2036f1b8, type: 3}
      propertyPath: m_AnchoredPosition.y
      value: 0
      objectReference: {fileID: 0}
    - target: {fileID: 4725350970923998485, guid: f4b8a9cc07aca2f41907effc2036f1b8, type: 3}
      propertyPath: m_LocalEulerAnglesHint.x
      value: 0
      objectReference: {fileID: 0}
    - target: {fileID: 4725350970923998485, guid: f4b8a9cc07aca2f41907effc2036f1b8, type: 3}
      propertyPath: m_LocalEulerAnglesHint.y
      value: 0
      objectReference: {fileID: 0}
    - target: {fileID: 4725350970923998485, guid: f4b8a9cc07aca2f41907effc2036f1b8, type: 3}
      propertyPath: m_LocalEulerAnglesHint.z
      value: 0
      objectReference: {fileID: 0}
    - target: {fileID: 4725350971358807668, guid: f4b8a9cc07aca2f41907effc2036f1b8, type: 3}
      propertyPath: m_SizeDelta.x
      value: -165.1565
      objectReference: {fileID: 0}
    - target: {fileID: 4725350971358807668, guid: f4b8a9cc07aca2f41907effc2036f1b8, type: 3}
      propertyPath: m_SizeDelta.y
      value: -793.64
      objectReference: {fileID: 0}
    - target: {fileID: 4725350971358807668, guid: f4b8a9cc07aca2f41907effc2036f1b8, type: 3}
      propertyPath: m_AnchoredPosition.x
      value: -0.00012207031
      objectReference: {fileID: 0}
    - target: {fileID: 4725350971358807669, guid: f4b8a9cc07aca2f41907effc2036f1b8, type: 3}
      propertyPath: m_text
      value: 'Developers:'
      objectReference: {fileID: 0}
    - target: {fileID: 4725350971648670040, guid: f4b8a9cc07aca2f41907effc2036f1b8, type: 3}
      propertyPath: m_OnClick.m_PersistentCalls.m_Calls.Array.size
      value: 3
      objectReference: {fileID: 0}
    - target: {fileID: 4725350971648670040, guid: f4b8a9cc07aca2f41907effc2036f1b8, type: 3}
      propertyPath: m_OnClick.m_PersistentCalls.m_Calls.Array.data[2].m_Mode
      value: 1
      objectReference: {fileID: 0}
    - target: {fileID: 4725350971648670040, guid: f4b8a9cc07aca2f41907effc2036f1b8, type: 3}
      propertyPath: m_OnClick.m_PersistentCalls.m_Calls.Array.data[2].m_Target
      value: 
      objectReference: {fileID: 13265039}
    - target: {fileID: 4725350971648670040, guid: f4b8a9cc07aca2f41907effc2036f1b8, type: 3}
      propertyPath: m_OnClick.m_PersistentCalls.m_Calls.Array.data[2].m_CallState
      value: 2
      objectReference: {fileID: 0}
    - target: {fileID: 4725350971648670040, guid: f4b8a9cc07aca2f41907effc2036f1b8, type: 3}
      propertyPath: m_OnClick.m_PersistentCalls.m_Calls.Array.data[2].m_MethodName
      value: Select
      objectReference: {fileID: 0}
    - target: {fileID: 4725350971648670040, guid: f4b8a9cc07aca2f41907effc2036f1b8, type: 3}
      propertyPath: m_OnClick.m_PersistentCalls.m_Calls.Array.data[2].m_TargetAssemblyTypeName
      value: UnityEngine.UI.Selectable, UnityEngine.UI
      objectReference: {fileID: 0}
    - target: {fileID: 4725350971648670040, guid: f4b8a9cc07aca2f41907effc2036f1b8, type: 3}
      propertyPath: m_OnClick.m_PersistentCalls.m_Calls.Array.data[2].m_Arguments.m_ObjectArgumentAssemblyTypeName
      value: UnityEngine.Object, UnityEngine
      objectReference: {fileID: 0}
    - target: {fileID: 4725350972164760554, guid: f4b8a9cc07aca2f41907effc2036f1b8, type: 3}
      propertyPath: m_IsActive
      value: 1
      objectReference: {fileID: 0}
    - target: {fileID: 4725350972392893903, guid: f4b8a9cc07aca2f41907effc2036f1b8, type: 3}
      propertyPath: m_OnClick.m_PersistentCalls.m_Calls.Array.size
      value: 3
      objectReference: {fileID: 0}
    - target: {fileID: 4725350972392893903, guid: f4b8a9cc07aca2f41907effc2036f1b8, type: 3}
      propertyPath: m_OnClick.m_PersistentCalls.m_Calls.Array.data[2].m_Mode
      value: 1
      objectReference: {fileID: 0}
    - target: {fileID: 4725350972392893903, guid: f4b8a9cc07aca2f41907effc2036f1b8, type: 3}
      propertyPath: m_OnClick.m_PersistentCalls.m_Calls.Array.data[2].m_Target
      value: 
      objectReference: {fileID: 614226732}
    - target: {fileID: 4725350972392893903, guid: f4b8a9cc07aca2f41907effc2036f1b8, type: 3}
      propertyPath: m_OnClick.m_PersistentCalls.m_Calls.Array.data[2].m_CallState
      value: 2
      objectReference: {fileID: 0}
    - target: {fileID: 4725350972392893903, guid: f4b8a9cc07aca2f41907effc2036f1b8, type: 3}
      propertyPath: m_OnClick.m_PersistentCalls.m_Calls.Array.data[2].m_MethodName
      value: Select
      objectReference: {fileID: 0}
    - target: {fileID: 4725350972392893903, guid: f4b8a9cc07aca2f41907effc2036f1b8, type: 3}
      propertyPath: m_OnClick.m_PersistentCalls.m_Calls.Array.data[2].m_TargetAssemblyTypeName
      value: UnityEngine.UI.Selectable, UnityEngine.UI
      objectReference: {fileID: 0}
    - target: {fileID: 4725350972392893903, guid: f4b8a9cc07aca2f41907effc2036f1b8, type: 3}
      propertyPath: m_OnClick.m_PersistentCalls.m_Calls.Array.data[2].m_Arguments.m_ObjectArgumentAssemblyTypeName
      value: UnityEngine.Object, UnityEngine
      objectReference: {fileID: 0}
    - target: {fileID: 4725350972646897175, guid: f4b8a9cc07aca2f41907effc2036f1b8, type: 3}
      propertyPath: m_OnClick.m_PersistentCalls.m_Calls.Array.size
      value: 3
      objectReference: {fileID: 0}
    - target: {fileID: 4725350972646897175, guid: f4b8a9cc07aca2f41907effc2036f1b8, type: 3}
      propertyPath: m_OnClick.m_PersistentCalls.m_Calls.Array.data[2].m_Mode
      value: 1
      objectReference: {fileID: 0}
    - target: {fileID: 4725350972646897175, guid: f4b8a9cc07aca2f41907effc2036f1b8, type: 3}
      propertyPath: m_OnClick.m_PersistentCalls.m_Calls.Array.data[2].m_Target
      value: 
      objectReference: {fileID: 3766586}
    - target: {fileID: 4725350972646897175, guid: f4b8a9cc07aca2f41907effc2036f1b8, type: 3}
      propertyPath: m_OnClick.m_PersistentCalls.m_Calls.Array.data[2].m_CallState
      value: 2
      objectReference: {fileID: 0}
    - target: {fileID: 4725350972646897175, guid: f4b8a9cc07aca2f41907effc2036f1b8, type: 3}
      propertyPath: m_OnClick.m_PersistentCalls.m_Calls.Array.data[2].m_MethodName
      value: Select
      objectReference: {fileID: 0}
    - target: {fileID: 4725350972646897175, guid: f4b8a9cc07aca2f41907effc2036f1b8, type: 3}
      propertyPath: m_OnClick.m_PersistentCalls.m_Calls.Array.data[2].m_TargetAssemblyTypeName
      value: UnityEngine.UI.Selectable, UnityEngine.UI
      objectReference: {fileID: 0}
    - target: {fileID: 4725350972646897175, guid: f4b8a9cc07aca2f41907effc2036f1b8, type: 3}
      propertyPath: m_OnClick.m_PersistentCalls.m_Calls.Array.data[2].m_Arguments.m_ObjectArgumentAssemblyTypeName
      value: UnityEngine.Object, UnityEngine
      objectReference: {fileID: 0}
    - target: {fileID: 5001183531417872886, guid: f4b8a9cc07aca2f41907effc2036f1b8, type: 3}
      propertyPath: m_IsActive
      value: 0
      objectReference: {fileID: 0}
    - target: {fileID: 5953739965156439338, guid: f4b8a9cc07aca2f41907effc2036f1b8, type: 3}
      propertyPath: m_OnClick.m_PersistentCalls.m_Calls.Array.size
      value: 3
      objectReference: {fileID: 0}
    - target: {fileID: 5953739965156439338, guid: f4b8a9cc07aca2f41907effc2036f1b8, type: 3}
      propertyPath: m_OnClick.m_PersistentCalls.m_Calls.Array.data[2].m_Mode
      value: 1
      objectReference: {fileID: 0}
    - target: {fileID: 5953739965156439338, guid: f4b8a9cc07aca2f41907effc2036f1b8, type: 3}
      propertyPath: m_OnClick.m_PersistentCalls.m_Calls.Array.data[2].m_Target
      value: 
      objectReference: {fileID: 614226732}
    - target: {fileID: 5953739965156439338, guid: f4b8a9cc07aca2f41907effc2036f1b8, type: 3}
      propertyPath: m_OnClick.m_PersistentCalls.m_Calls.Array.data[2].m_CallState
      value: 2
      objectReference: {fileID: 0}
    - target: {fileID: 5953739965156439338, guid: f4b8a9cc07aca2f41907effc2036f1b8, type: 3}
      propertyPath: m_OnClick.m_PersistentCalls.m_Calls.Array.data[2].m_MethodName
      value: Select
      objectReference: {fileID: 0}
    - target: {fileID: 5953739965156439338, guid: f4b8a9cc07aca2f41907effc2036f1b8, type: 3}
      propertyPath: m_OnClick.m_PersistentCalls.m_Calls.Array.data[2].m_TargetAssemblyTypeName
      value: UnityEngine.UI.Selectable, UnityEngine.UI
      objectReference: {fileID: 0}
    - target: {fileID: 5953739965156439338, guid: f4b8a9cc07aca2f41907effc2036f1b8, type: 3}
      propertyPath: m_OnClick.m_PersistentCalls.m_Calls.Array.data[2].m_Arguments.m_ObjectArgumentAssemblyTypeName
      value: UnityEngine.Object, UnityEngine
      objectReference: {fileID: 0}
    - target: {fileID: 6365367058327884887, guid: f4b8a9cc07aca2f41907effc2036f1b8, type: 3}
      propertyPath: m_OnClick.m_PersistentCalls.m_Calls.Array.size
      value: 3
      objectReference: {fileID: 0}
    - target: {fileID: 6365367058327884887, guid: f4b8a9cc07aca2f41907effc2036f1b8, type: 3}
      propertyPath: m_OnClick.m_PersistentCalls.m_Calls.Array.data[2].m_Mode
      value: 1
      objectReference: {fileID: 0}
    - target: {fileID: 6365367058327884887, guid: f4b8a9cc07aca2f41907effc2036f1b8, type: 3}
      propertyPath: m_OnClick.m_PersistentCalls.m_Calls.Array.data[2].m_Target
      value: 
      objectReference: {fileID: 320567217}
    - target: {fileID: 6365367058327884887, guid: f4b8a9cc07aca2f41907effc2036f1b8, type: 3}
      propertyPath: m_OnClick.m_PersistentCalls.m_Calls.Array.data[2].m_CallState
      value: 2
      objectReference: {fileID: 0}
    - target: {fileID: 6365367058327884887, guid: f4b8a9cc07aca2f41907effc2036f1b8, type: 3}
      propertyPath: m_OnClick.m_PersistentCalls.m_Calls.Array.data[2].m_MethodName
      value: Select
      objectReference: {fileID: 0}
    - target: {fileID: 6365367058327884887, guid: f4b8a9cc07aca2f41907effc2036f1b8, type: 3}
      propertyPath: m_OnClick.m_PersistentCalls.m_Calls.Array.data[2].m_TargetAssemblyTypeName
      value: UnityEngine.UI.Selectable, UnityEngine.UI
      objectReference: {fileID: 0}
    - target: {fileID: 6365367058327884887, guid: f4b8a9cc07aca2f41907effc2036f1b8, type: 3}
      propertyPath: m_OnClick.m_PersistentCalls.m_Calls.Array.data[2].m_Arguments.m_BoolArgument
      value: 1
      objectReference: {fileID: 0}
    - target: {fileID: 6365367058327884887, guid: f4b8a9cc07aca2f41907effc2036f1b8, type: 3}
      propertyPath: m_OnClick.m_PersistentCalls.m_Calls.Array.data[2].m_Arguments.m_ObjectArgumentAssemblyTypeName
      value: UnityEngine.Object, UnityEngine
      objectReference: {fileID: 0}
    - target: {fileID: 6776722745742520194, guid: f4b8a9cc07aca2f41907effc2036f1b8, type: 3}
      propertyPath: m_AnchoredPosition.y
      value: 26.195007
      objectReference: {fileID: 0}
    - target: {fileID: 7779652024077630626, guid: f4b8a9cc07aca2f41907effc2036f1b8, type: 3}
      propertyPath: m_OnClick.m_PersistentCalls.m_Calls.Array.data[0].m_Target
      value: 
      objectReference: {fileID: 1243846999}
    - target: {fileID: 7779652024077630626, guid: f4b8a9cc07aca2f41907effc2036f1b8, type: 3}
      propertyPath: m_OnClick.m_PersistentCalls.m_Calls.Array.data[0].m_MethodName
      value: SetActive
      objectReference: {fileID: 0}
    - target: {fileID: 9004785643635550451, guid: f4b8a9cc07aca2f41907effc2036f1b8, type: 3}
      propertyPath: m_AnchoredPosition.y
      value: 107.25
      objectReference: {fileID: 0}
    m_RemovedComponents: []
  m_SourcePrefab: {fileID: 100100000, guid: f4b8a9cc07aca2f41907effc2036f1b8, type: 3}
--- !u!1 &614226730 stripped
GameObject:
  m_CorrespondingSourceObject: {fileID: 4725350972646897173, guid: f4b8a9cc07aca2f41907effc2036f1b8, type: 3}
  m_PrefabInstance: {fileID: 516046870}
  m_PrefabAsset: {fileID: 0}
--- !u!114 &614226732 stripped
MonoBehaviour:
  m_CorrespondingSourceObject: {fileID: 4725350972646897175, guid: f4b8a9cc07aca2f41907effc2036f1b8, type: 3}
  m_PrefabInstance: {fileID: 516046870}
  m_PrefabAsset: {fileID: 0}
  m_GameObject: {fileID: 614226730}
  m_Enabled: 1
  m_EditorHideFlags: 0
  m_Script: {fileID: 11500000, guid: 4e29b1a8efbd4b44bb3f3716e73f07ff, type: 3}
  m_Name: 
  m_EditorClassIdentifier: 
--- !u!1 &922872422
GameObject:
  m_ObjectHideFlags: 0
  m_CorrespondingSourceObject: {fileID: 0}
  m_PrefabInstance: {fileID: 0}
  m_PrefabAsset: {fileID: 0}
  serializedVersion: 6
  m_Component:
  - component: {fileID: 922872425}
  - component: {fileID: 922872424}
  - component: {fileID: 922872423}
  m_Layer: 0
  m_Name: EventSystem
  m_TagString: Untagged
  m_Icon: {fileID: 0}
  m_NavMeshLayer: 0
  m_StaticEditorFlags: 0
  m_IsActive: 1
--- !u!114 &922872423
MonoBehaviour:
  m_ObjectHideFlags: 0
  m_CorrespondingSourceObject: {fileID: 0}
  m_PrefabInstance: {fileID: 0}
  m_PrefabAsset: {fileID: 0}
  m_GameObject: {fileID: 922872422}
  m_Enabled: 1
  m_EditorHideFlags: 0
  m_Script: {fileID: 11500000, guid: 01614664b831546d2ae94a42149d80ac, type: 3}
  m_Name: 
  m_EditorClassIdentifier: 
  m_MoveRepeatDelay: 0.5
  m_MoveRepeatRate: 0.1
  m_ActionsAsset: {fileID: -944628639613478452, guid: ca9f5fa95ffab41fb9a615ab714db018, type: 3}
  m_PointAction: {fileID: 1054132383583890850, guid: ca9f5fa95ffab41fb9a615ab714db018, type: 3}
  m_MoveAction: {fileID: 3710738434707379630, guid: ca9f5fa95ffab41fb9a615ab714db018, type: 3}
  m_SubmitAction: {fileID: 2064916234097673511, guid: ca9f5fa95ffab41fb9a615ab714db018, type: 3}
  m_CancelAction: {fileID: -1967631576421560919, guid: ca9f5fa95ffab41fb9a615ab714db018, type: 3}
  m_LeftClickAction: {fileID: 8056856818456041789, guid: ca9f5fa95ffab41fb9a615ab714db018, type: 3}
  m_MiddleClickAction: {fileID: 3279352641294131588, guid: ca9f5fa95ffab41fb9a615ab714db018, type: 3}
  m_RightClickAction: {fileID: 3837173908680883260, guid: ca9f5fa95ffab41fb9a615ab714db018, type: 3}
  m_ScrollWheelAction: {fileID: 4502412055082496612, guid: ca9f5fa95ffab41fb9a615ab714db018, type: 3}
  m_TrackedDevicePositionAction: {fileID: 4754684134866288074, guid: ca9f5fa95ffab41fb9a615ab714db018, type: 3}
  m_TrackedDeviceOrientationAction: {fileID: 1025543830046995696, guid: ca9f5fa95ffab41fb9a615ab714db018, type: 3}
  m_DeselectOnBackgroundClick: 1
  m_PointerBehavior: 0
--- !u!114 &922872424
MonoBehaviour:
  m_ObjectHideFlags: 0
  m_CorrespondingSourceObject: {fileID: 0}
  m_PrefabInstance: {fileID: 0}
  m_PrefabAsset: {fileID: 0}
  m_GameObject: {fileID: 922872422}
  m_Enabled: 1
  m_EditorHideFlags: 0
  m_Script: {fileID: 11500000, guid: 76c392e42b5098c458856cdf6ecaaaa1, type: 3}
  m_Name: 
  m_EditorClassIdentifier: 
  m_FirstSelected: {fileID: 614226730}
  m_sendNavigationEvents: 1
  m_DragThreshold: 10
--- !u!4 &922872425
Transform:
  m_ObjectHideFlags: 0
  m_CorrespondingSourceObject: {fileID: 0}
  m_PrefabInstance: {fileID: 0}
  m_PrefabAsset: {fileID: 0}
  m_GameObject: {fileID: 922872422}
  m_LocalRotation: {x: 0, y: 0, z: 0, w: 1}
  m_LocalPosition: {x: 0, y: 0, z: 0}
  m_LocalScale: {x: 1, y: 1, z: 1}
  m_Children: []
  m_Father: {fileID: 0}
  m_RootOrder: 4
  m_LocalEulerAnglesHint: {x: 0, y: 0, z: 0}
--- !u!224 &992955656 stripped
RectTransform:
  m_CorrespondingSourceObject: {fileID: 4725350970909842406, guid: f4b8a9cc07aca2f41907effc2036f1b8, type: 3}
  m_PrefabInstance: {fileID: 516046870}
  m_PrefabAsset: {fileID: 0}
--- !u!1001 &1006466420
PrefabInstance:
  m_ObjectHideFlags: 0
  serializedVersion: 2
  m_Modification:
    m_TransformParent: {fileID: 0}
    m_Modifications:
    - target: {fileID: 4025697583373450164, guid: 37c81c4ce3833f84387f03ad04edccb9, type: 3}
      propertyPath: m_Name
      value: Plato
      objectReference: {fileID: 0}
    - target: {fileID: 4025697583373450167, guid: 37c81c4ce3833f84387f03ad04edccb9, type: 3}
      propertyPath: m_RootOrder
      value: 0
      objectReference: {fileID: 0}
    - target: {fileID: 4025697583373450167, guid: 37c81c4ce3833f84387f03ad04edccb9, type: 3}
      propertyPath: m_LocalPosition.x
      value: 0
      objectReference: {fileID: 0}
    - target: {fileID: 4025697583373450167, guid: 37c81c4ce3833f84387f03ad04edccb9, type: 3}
      propertyPath: m_LocalPosition.y
      value: 0
      objectReference: {fileID: 0}
    - target: {fileID: 4025697583373450167, guid: 37c81c4ce3833f84387f03ad04edccb9, type: 3}
      propertyPath: m_LocalPosition.z
      value: 0
      objectReference: {fileID: 0}
    - target: {fileID: 4025697583373450167, guid: 37c81c4ce3833f84387f03ad04edccb9, type: 3}
      propertyPath: m_LocalRotation.w
      value: 1
      objectReference: {fileID: 0}
    - target: {fileID: 4025697583373450167, guid: 37c81c4ce3833f84387f03ad04edccb9, type: 3}
      propertyPath: m_LocalRotation.x
      value: 0
      objectReference: {fileID: 0}
    - target: {fileID: 4025697583373450167, guid: 37c81c4ce3833f84387f03ad04edccb9, type: 3}
      propertyPath: m_LocalRotation.y
      value: 0
      objectReference: {fileID: 0}
    - target: {fileID: 4025697583373450167, guid: 37c81c4ce3833f84387f03ad04edccb9, type: 3}
      propertyPath: m_LocalRotation.z
      value: 0
      objectReference: {fileID: 0}
    - target: {fileID: 4025697583373450167, guid: 37c81c4ce3833f84387f03ad04edccb9, type: 3}
      propertyPath: m_LocalEulerAnglesHint.x
      value: 0
      objectReference: {fileID: 0}
    - target: {fileID: 4025697583373450167, guid: 37c81c4ce3833f84387f03ad04edccb9, type: 3}
      propertyPath: m_LocalEulerAnglesHint.y
      value: 0
      objectReference: {fileID: 0}
    - target: {fileID: 4025697583373450167, guid: 37c81c4ce3833f84387f03ad04edccb9, type: 3}
      propertyPath: m_LocalEulerAnglesHint.z
      value: 0
      objectReference: {fileID: 0}
    m_RemovedComponents: []
  m_SourcePrefab: {fileID: 100100000, guid: 37c81c4ce3833f84387f03ad04edccb9, type: 3}
--- !u!1001 &1161035208
PrefabInstance:
  m_ObjectHideFlags: 0
  serializedVersion: 2
  m_Modification:
    m_TransformParent: {fileID: 0}
    m_Modifications:
    - target: {fileID: 6936292513092675793, guid: 82a589274484cfd448cf78c19c5c4530, type: 3}
      propertyPath: m_RootOrder
      value: 9
      objectReference: {fileID: 0}
    - target: {fileID: 6936292513092675793, guid: 82a589274484cfd448cf78c19c5c4530, type: 3}
      propertyPath: m_LocalPosition.x
      value: 2.3004365
      objectReference: {fileID: 0}
    - target: {fileID: 6936292513092675793, guid: 82a589274484cfd448cf78c19c5c4530, type: 3}
      propertyPath: m_LocalPosition.y
      value: -2.3669991
      objectReference: {fileID: 0}
    - target: {fileID: 6936292513092675793, guid: 82a589274484cfd448cf78c19c5c4530, type: 3}
      propertyPath: m_LocalPosition.z
      value: 6.785758
      objectReference: {fileID: 0}
    - target: {fileID: 6936292513092675793, guid: 82a589274484cfd448cf78c19c5c4530, type: 3}
      propertyPath: m_LocalRotation.w
      value: 1
      objectReference: {fileID: 0}
    - target: {fileID: 6936292513092675793, guid: 82a589274484cfd448cf78c19c5c4530, type: 3}
      propertyPath: m_LocalRotation.x
      value: 0
      objectReference: {fileID: 0}
    - target: {fileID: 6936292513092675793, guid: 82a589274484cfd448cf78c19c5c4530, type: 3}
      propertyPath: m_LocalRotation.y
      value: 0
      objectReference: {fileID: 0}
    - target: {fileID: 6936292513092675793, guid: 82a589274484cfd448cf78c19c5c4530, type: 3}
      propertyPath: m_LocalRotation.z
      value: 0
      objectReference: {fileID: 0}
    - target: {fileID: 6936292513092675793, guid: 82a589274484cfd448cf78c19c5c4530, type: 3}
      propertyPath: m_LocalEulerAnglesHint.x
      value: 0
      objectReference: {fileID: 0}
    - target: {fileID: 6936292513092675793, guid: 82a589274484cfd448cf78c19c5c4530, type: 3}
      propertyPath: m_LocalEulerAnglesHint.y
      value: 0
      objectReference: {fileID: 0}
    - target: {fileID: 6936292513092675793, guid: 82a589274484cfd448cf78c19c5c4530, type: 3}
      propertyPath: m_LocalEulerAnglesHint.z
      value: 0
      objectReference: {fileID: 0}
    - target: {fileID: 6936292513092675799, guid: 82a589274484cfd448cf78c19c5c4530, type: 3}
      propertyPath: m_Name
      value: Glow
      objectReference: {fileID: 0}
    m_RemovedComponents: []
  m_SourcePrefab: {fileID: 100100000, guid: 82a589274484cfd448cf78c19c5c4530, type: 3}
--- !u!1 &1243846999 stripped
GameObject:
  m_CorrespondingSourceObject: {fileID: 1617573267, guid: f4b8a9cc07aca2f41907effc2036f1b8, type: 3}
  m_PrefabInstance: {fileID: 516046870}
  m_PrefabAsset: {fileID: 0}
--- !u!1 &1269697429 stripped
GameObject:
  m_CorrespondingSourceObject: {fileID: 5001183531417872886, guid: f4b8a9cc07aca2f41907effc2036f1b8, type: 3}
  m_PrefabInstance: {fileID: 516046870}
  m_PrefabAsset: {fileID: 0}
--- !u!1001 &1341977075
PrefabInstance:
  m_ObjectHideFlags: 0
  serializedVersion: 2
  m_Modification:
    m_TransformParent: {fileID: 0}
    m_Modifications:
    - target: {fileID: 2367487580732343277, guid: db297d05d2de85d46a4d4ad205aaee60, type: 3}
      propertyPath: m_RootOrder
      value: 8
      objectReference: {fileID: 0}
    - target: {fileID: 2367487580732343277, guid: db297d05d2de85d46a4d4ad205aaee60, type: 3}
      propertyPath: m_LocalPosition.x
      value: 0
      objectReference: {fileID: 0}
    - target: {fileID: 2367487580732343277, guid: db297d05d2de85d46a4d4ad205aaee60, type: 3}
      propertyPath: m_LocalPosition.y
      value: 100000
      objectReference: {fileID: 0}
    - target: {fileID: 2367487580732343277, guid: db297d05d2de85d46a4d4ad205aaee60, type: 3}
      propertyPath: m_LocalPosition.z
      value: 0
      objectReference: {fileID: 0}
    - target: {fileID: 2367487580732343277, guid: db297d05d2de85d46a4d4ad205aaee60, type: 3}
      propertyPath: m_LocalRotation.w
      value: 0.7071068
      objectReference: {fileID: 0}
    - target: {fileID: 2367487580732343277, guid: db297d05d2de85d46a4d4ad205aaee60, type: 3}
      propertyPath: m_LocalRotation.x
      value: 0.7071068
      objectReference: {fileID: 0}
    - target: {fileID: 2367487580732343277, guid: db297d05d2de85d46a4d4ad205aaee60, type: 3}
      propertyPath: m_LocalRotation.y
      value: 0
      objectReference: {fileID: 0}
    - target: {fileID: 2367487580732343277, guid: db297d05d2de85d46a4d4ad205aaee60, type: 3}
      propertyPath: m_LocalRotation.z
      value: 0
      objectReference: {fileID: 0}
    - target: {fileID: 2367487580732343277, guid: db297d05d2de85d46a4d4ad205aaee60, type: 3}
      propertyPath: m_LocalEulerAnglesHint.x
      value: 90
      objectReference: {fileID: 0}
    - target: {fileID: 2367487580732343277, guid: db297d05d2de85d46a4d4ad205aaee60, type: 3}
      propertyPath: m_LocalEulerAnglesHint.y
      value: 0
      objectReference: {fileID: 0}
    - target: {fileID: 2367487580732343277, guid: db297d05d2de85d46a4d4ad205aaee60, type: 3}
      propertyPath: m_LocalEulerAnglesHint.z
      value: 0
      objectReference: {fileID: 0}
    - target: {fileID: 2367487580732343281, guid: db297d05d2de85d46a4d4ad205aaee60, type: 3}
      propertyPath: m_Name
      value: MinimapCamera
      objectReference: {fileID: 0}
    m_RemovedComponents: []
  m_SourcePrefab: {fileID: 100100000, guid: db297d05d2de85d46a4d4ad205aaee60, type: 3}
--- !u!20 &1341977076 stripped
Camera:
  m_CorrespondingSourceObject: {fileID: 2367487580732343276, guid: db297d05d2de85d46a4d4ad205aaee60, type: 3}
  m_PrefabInstance: {fileID: 1341977075}
  m_PrefabAsset: {fileID: 0}
--- !u!1001 &1411177067
PrefabInstance:
  m_ObjectHideFlags: 0
  serializedVersion: 2
  m_Modification:
    m_TransformParent: {fileID: 0}
    m_Modifications:
    - target: {fileID: 495001791521616528, guid: fa6dbb9de66abe243955cbfd7096dfb7, type: 3}
      propertyPath: m_Name
      value: WaterPlanesFull
      objectReference: {fileID: 0}
    - target: {fileID: 495001791521616535, guid: fa6dbb9de66abe243955cbfd7096dfb7, type: 3}
      propertyPath: m_RootOrder
      value: 10
      objectReference: {fileID: 0}
    - target: {fileID: 495001791521616535, guid: fa6dbb9de66abe243955cbfd7096dfb7, type: 3}
      propertyPath: m_LocalPosition.x
      value: 0
      objectReference: {fileID: 0}
    - target: {fileID: 495001791521616535, guid: fa6dbb9de66abe243955cbfd7096dfb7, type: 3}
      propertyPath: m_LocalPosition.y
      value: -7.5
      objectReference: {fileID: 0}
    - target: {fileID: 495001791521616535, guid: fa6dbb9de66abe243955cbfd7096dfb7, type: 3}
      propertyPath: m_LocalPosition.z
      value: 0
      objectReference: {fileID: 0}
    - target: {fileID: 495001791521616535, guid: fa6dbb9de66abe243955cbfd7096dfb7, type: 3}
      propertyPath: m_LocalRotation.w
      value: 1
      objectReference: {fileID: 0}
    - target: {fileID: 495001791521616535, guid: fa6dbb9de66abe243955cbfd7096dfb7, type: 3}
      propertyPath: m_LocalRotation.x
      value: 0
      objectReference: {fileID: 0}
    - target: {fileID: 495001791521616535, guid: fa6dbb9de66abe243955cbfd7096dfb7, type: 3}
      propertyPath: m_LocalRotation.y
      value: 0
      objectReference: {fileID: 0}
    - target: {fileID: 495001791521616535, guid: fa6dbb9de66abe243955cbfd7096dfb7, type: 3}
      propertyPath: m_LocalRotation.z
      value: 0
      objectReference: {fileID: 0}
    - target: {fileID: 495001791521616535, guid: fa6dbb9de66abe243955cbfd7096dfb7, type: 3}
      propertyPath: m_LocalEulerAnglesHint.x
      value: 0
      objectReference: {fileID: 0}
    - target: {fileID: 495001791521616535, guid: fa6dbb9de66abe243955cbfd7096dfb7, type: 3}
      propertyPath: m_LocalEulerAnglesHint.y
      value: 0
      objectReference: {fileID: 0}
    - target: {fileID: 495001791521616535, guid: fa6dbb9de66abe243955cbfd7096dfb7, type: 3}
      propertyPath: m_LocalEulerAnglesHint.z
      value: 0
      objectReference: {fileID: 0}
    m_RemovedComponents: []
  m_SourcePrefab: {fileID: 100100000, guid: fa6dbb9de66abe243955cbfd7096dfb7, type: 3}
--- !u!1 &1535926718 stripped
GameObject:
  m_CorrespondingSourceObject: {fileID: 2250009851253470836, guid: 4d5402343843857488467fba6e12eed1, type: 3}
  m_PrefabInstance: {fileID: 2250009850607818698}
  m_PrefabAsset: {fileID: 0}
--- !u!1001 &1686255134
PrefabInstance:
  m_ObjectHideFlags: 0
  serializedVersion: 2
  m_Modification:
    m_TransformParent: {fileID: 0}
    m_Modifications:
    - target: {fileID: 6048647717007677924, guid: b8003eb6c9757854e8b2e084723c488f, type: 3}
      propertyPath: m_Name
      value: GameController
      objectReference: {fileID: 0}
    - target: {fileID: 6048647717007677930, guid: b8003eb6c9757854e8b2e084723c488f, type: 3}
      propertyPath: m_RootOrder
      value: 5
      objectReference: {fileID: 0}
    - target: {fileID: 6048647717007677930, guid: b8003eb6c9757854e8b2e084723c488f, type: 3}
      propertyPath: m_LocalPosition.x
      value: 0
      objectReference: {fileID: 0}
    - target: {fileID: 6048647717007677930, guid: b8003eb6c9757854e8b2e084723c488f, type: 3}
      propertyPath: m_LocalPosition.y
      value: 0
      objectReference: {fileID: 0}
    - target: {fileID: 6048647717007677930, guid: b8003eb6c9757854e8b2e084723c488f, type: 3}
      propertyPath: m_LocalPosition.z
      value: 0
      objectReference: {fileID: 0}
    - target: {fileID: 6048647717007677930, guid: b8003eb6c9757854e8b2e084723c488f, type: 3}
      propertyPath: m_LocalRotation.w
      value: 1
      objectReference: {fileID: 0}
    - target: {fileID: 6048647717007677930, guid: b8003eb6c9757854e8b2e084723c488f, type: 3}
      propertyPath: m_LocalRotation.x
      value: 0
      objectReference: {fileID: 0}
    - target: {fileID: 6048647717007677930, guid: b8003eb6c9757854e8b2e084723c488f, type: 3}
      propertyPath: m_LocalRotation.y
      value: 0
      objectReference: {fileID: 0}
    - target: {fileID: 6048647717007677930, guid: b8003eb6c9757854e8b2e084723c488f, type: 3}
      propertyPath: m_LocalRotation.z
      value: 0
      objectReference: {fileID: 0}
    - target: {fileID: 6048647717007677930, guid: b8003eb6c9757854e8b2e084723c488f, type: 3}
      propertyPath: m_LocalEulerAnglesHint.x
      value: 0
      objectReference: {fileID: 0}
    - target: {fileID: 6048647717007677930, guid: b8003eb6c9757854e8b2e084723c488f, type: 3}
      propertyPath: m_LocalEulerAnglesHint.y
      value: 0
      objectReference: {fileID: 0}
    - target: {fileID: 6048647717007677930, guid: b8003eb6c9757854e8b2e084723c488f, type: 3}
      propertyPath: m_LocalEulerAnglesHint.z
      value: 0
      objectReference: {fileID: 0}
    - target: {fileID: 6048647717007677931, guid: b8003eb6c9757854e8b2e084723c488f, type: 3}
      propertyPath: BlockCrane
      value: 
      objectReference: {fileID: 1535926718}
    m_RemovedComponents: []
  m_SourcePrefab: {fileID: 100100000, guid: b8003eb6c9757854e8b2e084723c488f, type: 3}
--- !u!1001 &1802985509
PrefabInstance:
  m_ObjectHideFlags: 0
  serializedVersion: 2
  m_Modification:
    m_TransformParent: {fileID: 0}
    m_Modifications:
    - target: {fileID: 1103702339046981553, guid: d02b9861b4fd43f40be7d5a9b2096e05, type: 3}
      propertyPath: m_Name
      value: Overlay
      objectReference: {fileID: 0}
    - target: {fileID: 1103702339046981553, guid: d02b9861b4fd43f40be7d5a9b2096e05, type: 3}
      propertyPath: m_IsActive
      value: 0
      objectReference: {fileID: 0}
    - target: {fileID: 1103702339046981557, guid: d02b9861b4fd43f40be7d5a9b2096e05, type: 3}
      propertyPath: m_Pivot.x
      value: 0
      objectReference: {fileID: 0}
    - target: {fileID: 1103702339046981557, guid: d02b9861b4fd43f40be7d5a9b2096e05, type: 3}
      propertyPath: m_Pivot.y
      value: 0
      objectReference: {fileID: 0}
    - target: {fileID: 1103702339046981557, guid: d02b9861b4fd43f40be7d5a9b2096e05, type: 3}
      propertyPath: m_RootOrder
      value: 7
      objectReference: {fileID: 0}
    - target: {fileID: 1103702339046981557, guid: d02b9861b4fd43f40be7d5a9b2096e05, type: 3}
      propertyPath: m_AnchorMax.x
      value: 0
      objectReference: {fileID: 0}
    - target: {fileID: 1103702339046981557, guid: d02b9861b4fd43f40be7d5a9b2096e05, type: 3}
      propertyPath: m_AnchorMax.y
      value: 0
      objectReference: {fileID: 0}
    - target: {fileID: 1103702339046981557, guid: d02b9861b4fd43f40be7d5a9b2096e05, type: 3}
      propertyPath: m_AnchorMin.x
      value: 0
      objectReference: {fileID: 0}
    - target: {fileID: 1103702339046981557, guid: d02b9861b4fd43f40be7d5a9b2096e05, type: 3}
      propertyPath: m_AnchorMin.y
      value: 0
      objectReference: {fileID: 0}
    - target: {fileID: 1103702339046981557, guid: d02b9861b4fd43f40be7d5a9b2096e05, type: 3}
      propertyPath: m_SizeDelta.x
      value: 0
      objectReference: {fileID: 0}
    - target: {fileID: 1103702339046981557, guid: d02b9861b4fd43f40be7d5a9b2096e05, type: 3}
      propertyPath: m_SizeDelta.y
      value: 0
      objectReference: {fileID: 0}
    - target: {fileID: 1103702339046981557, guid: d02b9861b4fd43f40be7d5a9b2096e05, type: 3}
      propertyPath: m_LocalPosition.x
      value: 0
      objectReference: {fileID: 0}
    - target: {fileID: 1103702339046981557, guid: d02b9861b4fd43f40be7d5a9b2096e05, type: 3}
      propertyPath: m_LocalPosition.y
      value: 0
      objectReference: {fileID: 0}
    - target: {fileID: 1103702339046981557, guid: d02b9861b4fd43f40be7d5a9b2096e05, type: 3}
      propertyPath: m_LocalPosition.z
      value: 0
      objectReference: {fileID: 0}
    - target: {fileID: 1103702339046981557, guid: d02b9861b4fd43f40be7d5a9b2096e05, type: 3}
      propertyPath: m_LocalRotation.w
      value: 1
      objectReference: {fileID: 0}
    - target: {fileID: 1103702339046981557, guid: d02b9861b4fd43f40be7d5a9b2096e05, type: 3}
      propertyPath: m_LocalRotation.x
      value: 0
      objectReference: {fileID: 0}
    - target: {fileID: 1103702339046981557, guid: d02b9861b4fd43f40be7d5a9b2096e05, type: 3}
      propertyPath: m_LocalRotation.y
      value: 0
      objectReference: {fileID: 0}
    - target: {fileID: 1103702339046981557, guid: d02b9861b4fd43f40be7d5a9b2096e05, type: 3}
      propertyPath: m_LocalRotation.z
      value: 0
      objectReference: {fileID: 0}
    - target: {fileID: 1103702339046981557, guid: d02b9861b4fd43f40be7d5a9b2096e05, type: 3}
      propertyPath: m_AnchoredPosition.x
      value: 0
      objectReference: {fileID: 0}
    - target: {fileID: 1103702339046981557, guid: d02b9861b4fd43f40be7d5a9b2096e05, type: 3}
      propertyPath: m_AnchoredPosition.y
      value: 0
      objectReference: {fileID: 0}
    - target: {fileID: 1103702339046981557, guid: d02b9861b4fd43f40be7d5a9b2096e05, type: 3}
      propertyPath: m_LocalEulerAnglesHint.x
      value: 0
      objectReference: {fileID: 0}
    - target: {fileID: 1103702339046981557, guid: d02b9861b4fd43f40be7d5a9b2096e05, type: 3}
      propertyPath: m_LocalEulerAnglesHint.y
      value: 0
      objectReference: {fileID: 0}
    - target: {fileID: 1103702339046981557, guid: d02b9861b4fd43f40be7d5a9b2096e05, type: 3}
      propertyPath: m_LocalEulerAnglesHint.z
      value: 0
      objectReference: {fileID: 0}
    m_RemovedComponents: []
  m_SourcePrefab: {fileID: 100100000, guid: d02b9861b4fd43f40be7d5a9b2096e05, type: 3}
--- !u!114 &2018594729 stripped
MonoBehaviour:
  m_CorrespondingSourceObject: {fileID: 7779652024077630626, guid: f4b8a9cc07aca2f41907effc2036f1b8, type: 3}
  m_PrefabInstance: {fileID: 516046870}
  m_PrefabAsset: {fileID: 0}
  m_GameObject: {fileID: 0}
  m_Enabled: 1
  m_EditorHideFlags: 0
  m_Script: {fileID: 11500000, guid: 4e29b1a8efbd4b44bb3f3716e73f07ff, type: 3}
  m_Name: 
  m_EditorClassIdentifier: 
--- !u!1 &2066943932 stripped
GameObject:
  m_CorrespondingSourceObject: {fileID: 4725350972164760554, guid: f4b8a9cc07aca2f41907effc2036f1b8, type: 3}
  m_PrefabInstance: {fileID: 516046870}
  m_PrefabAsset: {fileID: 0}
--- !u!114 &2066943935
MonoBehaviour:
  m_ObjectHideFlags: 0
  m_CorrespondingSourceObject: {fileID: 0}
  m_PrefabInstance: {fileID: 0}
  m_PrefabAsset: {fileID: 0}
  m_GameObject: {fileID: 2066943932}
  m_Enabled: 1
  m_EditorHideFlags: 0
  m_Script: {fileID: 11500000, guid: 7cea36098d95da644a5d3a3ae86e3a61, type: 3}
  m_Name: 
  m_EditorClassIdentifier: 
  TextColor: {r: 1, g: 1, b: 1, a: 1}
--- !u!1001 &2250009850607818698
PrefabInstance:
  m_ObjectHideFlags: 0
  serializedVersion: 2
  m_Modification:
    m_TransformParent: {fileID: 0}
    m_Modifications:
    - target: {fileID: 2250009851253470730, guid: 4d5402343843857488467fba6e12eed1, type: 3}
      propertyPath: m_RootOrder
      value: 1
      objectReference: {fileID: 0}
    - target: {fileID: 2250009851253470730, guid: 4d5402343843857488467fba6e12eed1, type: 3}
      propertyPath: m_LocalPosition.x
      value: 0
      objectReference: {fileID: 0}
    - target: {fileID: 2250009851253470730, guid: 4d5402343843857488467fba6e12eed1, type: 3}
      propertyPath: m_LocalPosition.y
      value: 10.99
      objectReference: {fileID: 0}
    - target: {fileID: 2250009851253470730, guid: 4d5402343843857488467fba6e12eed1, type: 3}
      propertyPath: m_LocalPosition.z
      value: 0
      objectReference: {fileID: 0}
    - target: {fileID: 2250009851253470730, guid: 4d5402343843857488467fba6e12eed1, type: 3}
      propertyPath: m_LocalRotation.w
      value: 1
      objectReference: {fileID: 0}
    - target: {fileID: 2250009851253470730, guid: 4d5402343843857488467fba6e12eed1, type: 3}
      propertyPath: m_LocalRotation.x
      value: 0
      objectReference: {fileID: 0}
    - target: {fileID: 2250009851253470730, guid: 4d5402343843857488467fba6e12eed1, type: 3}
      propertyPath: m_LocalRotation.y
      value: 0
      objectReference: {fileID: 0}
    - target: {fileID: 2250009851253470730, guid: 4d5402343843857488467fba6e12eed1, type: 3}
      propertyPath: m_LocalRotation.z
      value: 0
      objectReference: {fileID: 0}
    - target: {fileID: 2250009851253470730, guid: 4d5402343843857488467fba6e12eed1, type: 3}
      propertyPath: m_LocalEulerAnglesHint.x
      value: 0
      objectReference: {fileID: 0}
    - target: {fileID: 2250009851253470730, guid: 4d5402343843857488467fba6e12eed1, type: 3}
      propertyPath: m_LocalEulerAnglesHint.y
      value: 0
      objectReference: {fileID: 0}
    - target: {fileID: 2250009851253470730, guid: 4d5402343843857488467fba6e12eed1, type: 3}
      propertyPath: m_LocalEulerAnglesHint.z
      value: 0
      objectReference: {fileID: 0}
    - target: {fileID: 2250009851253470836, guid: 4d5402343843857488467fba6e12eed1, type: 3}
      propertyPath: m_Name
      value: BlockCrane
      objectReference: {fileID: 0}
    - target: {fileID: 2250009851253470836, guid: 4d5402343843857488467fba6e12eed1, type: 3}
      propertyPath: m_IsActive
      value: 0
      objectReference: {fileID: 0}
    m_RemovedComponents: []
  m_SourcePrefab: {fileID: 100100000, guid: 4d5402343843857488467fba6e12eed1, type: 3}
--- !u!1001 &2268069845578945733
PrefabInstance:
  m_ObjectHideFlags: 0
  serializedVersion: 2
  m_Modification:
    m_TransformParent: {fileID: 0}
    m_Modifications:
    - target: {fileID: 4318776369549389152, guid: acd9db8a070cdc44db17de669cc33322, type: 3}
      propertyPath: m_Name
      value: GamemodeController
      objectReference: {fileID: 0}
    - target: {fileID: 7589505203707709671, guid: acd9db8a070cdc44db17de669cc33322, type: 3}
      propertyPath: m_RootOrder
      value: 13
      objectReference: {fileID: 0}
    - target: {fileID: 7589505203707709671, guid: acd9db8a070cdc44db17de669cc33322, type: 3}
      propertyPath: m_LocalPosition.x
      value: 0
      objectReference: {fileID: 0}
    - target: {fileID: 7589505203707709671, guid: acd9db8a070cdc44db17de669cc33322, type: 3}
      propertyPath: m_LocalPosition.y
      value: 0
      objectReference: {fileID: 0}
    - target: {fileID: 7589505203707709671, guid: acd9db8a070cdc44db17de669cc33322, type: 3}
      propertyPath: m_LocalPosition.z
      value: 0
      objectReference: {fileID: 0}
    - target: {fileID: 7589505203707709671, guid: acd9db8a070cdc44db17de669cc33322, type: 3}
      propertyPath: m_LocalRotation.w
      value: 1
      objectReference: {fileID: 0}
    - target: {fileID: 7589505203707709671, guid: acd9db8a070cdc44db17de669cc33322, type: 3}
      propertyPath: m_LocalRotation.x
      value: 0
      objectReference: {fileID: 0}
    - target: {fileID: 7589505203707709671, guid: acd9db8a070cdc44db17de669cc33322, type: 3}
      propertyPath: m_LocalRotation.y
      value: 0
      objectReference: {fileID: 0}
    - target: {fileID: 7589505203707709671, guid: acd9db8a070cdc44db17de669cc33322, type: 3}
      propertyPath: m_LocalRotation.z
      value: 0
      objectReference: {fileID: 0}
    - target: {fileID: 7589505203707709671, guid: acd9db8a070cdc44db17de669cc33322, type: 3}
      propertyPath: m_LocalEulerAnglesHint.x
      value: 0
      objectReference: {fileID: 0}
    - target: {fileID: 7589505203707709671, guid: acd9db8a070cdc44db17de669cc33322, type: 3}
      propertyPath: m_LocalEulerAnglesHint.y
      value: 0
      objectReference: {fileID: 0}
    - target: {fileID: 7589505203707709671, guid: acd9db8a070cdc44db17de669cc33322, type: 3}
      propertyPath: m_LocalEulerAnglesHint.z
      value: 0
      objectReference: {fileID: 0}
    m_RemovedComponents: []
  m_SourcePrefab: {fileID: 100100000, guid: acd9db8a070cdc44db17de669cc33322, type: 3}
--- !u!1001 &4399229139898416646
PrefabInstance:
  m_ObjectHideFlags: 0
  serializedVersion: 2
  m_Modification:
    m_TransformParent: {fileID: 0}
    m_Modifications:
    - target: {fileID: 2124323062704251002, guid: 16d22c0947ecfbd46ba6ba3ffdf22f01, type: 3}
      propertyPath: m_RootOrder
      value: 2
      objectReference: {fileID: 0}
    - target: {fileID: 2124323062704251002, guid: 16d22c0947ecfbd46ba6ba3ffdf22f01, type: 3}
      propertyPath: m_LocalPosition.x
      value: 0
      objectReference: {fileID: 0}
    - target: {fileID: 2124323062704251002, guid: 16d22c0947ecfbd46ba6ba3ffdf22f01, type: 3}
      propertyPath: m_LocalPosition.y
      value: 0
      objectReference: {fileID: 0}
    - target: {fileID: 2124323062704251002, guid: 16d22c0947ecfbd46ba6ba3ffdf22f01, type: 3}
      propertyPath: m_LocalPosition.z
      value: 0
      objectReference: {fileID: 0}
    - target: {fileID: 2124323062704251002, guid: 16d22c0947ecfbd46ba6ba3ffdf22f01, type: 3}
      propertyPath: m_LocalRotation.w
      value: 1
      objectReference: {fileID: 0}
    - target: {fileID: 2124323062704251002, guid: 16d22c0947ecfbd46ba6ba3ffdf22f01, type: 3}
      propertyPath: m_LocalRotation.x
      value: 0
      objectReference: {fileID: 0}
    - target: {fileID: 2124323062704251002, guid: 16d22c0947ecfbd46ba6ba3ffdf22f01, type: 3}
      propertyPath: m_LocalRotation.y
      value: 0
      objectReference: {fileID: 0}
    - target: {fileID: 2124323062704251002, guid: 16d22c0947ecfbd46ba6ba3ffdf22f01, type: 3}
      propertyPath: m_LocalRotation.z
      value: 0
      objectReference: {fileID: 0}
    - target: {fileID: 2124323062704251002, guid: 16d22c0947ecfbd46ba6ba3ffdf22f01, type: 3}
      propertyPath: m_LocalEulerAnglesHint.x
      value: 0
      objectReference: {fileID: 0}
    - target: {fileID: 2124323062704251002, guid: 16d22c0947ecfbd46ba6ba3ffdf22f01, type: 3}
      propertyPath: m_LocalEulerAnglesHint.y
      value: 0
      objectReference: {fileID: 0}
    - target: {fileID: 2124323062704251002, guid: 16d22c0947ecfbd46ba6ba3ffdf22f01, type: 3}
      propertyPath: m_LocalEulerAnglesHint.z
      value: 0
      objectReference: {fileID: 0}
    - target: {fileID: 2124323062704251004, guid: 16d22c0947ecfbd46ba6ba3ffdf22f01, type: 3}
      propertyPath: m_Name
      value: AudioManager
      objectReference: {fileID: 0}
    m_RemovedComponents: []
  m_SourcePrefab: {fileID: 100100000, guid: 16d22c0947ecfbd46ba6ba3ffdf22f01, type: 3}
--- !u!1001 &5407980379557709730
PrefabInstance:
  m_ObjectHideFlags: 0
  serializedVersion: 2
  m_Modification:
    m_TransformParent: {fileID: 0}
    m_Modifications:
    - target: {fileID: 5407980380735885860, guid: f1b3dcf5f54b33642a3e230cc46db0eb, type: 3}
      propertyPath: m_Name
      value: RotatingCamera
      objectReference: {fileID: 0}
    - target: {fileID: 5407980380735885865, guid: f1b3dcf5f54b33642a3e230cc46db0eb, type: 3}
      propertyPath: m_RootOrder
      value: 12
      objectReference: {fileID: 0}
    - target: {fileID: 5407980380735885865, guid: f1b3dcf5f54b33642a3e230cc46db0eb, type: 3}
      propertyPath: m_LocalPosition.x
      value: 0
      objectReference: {fileID: 0}
    - target: {fileID: 5407980380735885865, guid: f1b3dcf5f54b33642a3e230cc46db0eb, type: 3}
      propertyPath: m_LocalPosition.y
      value: 32.25
      objectReference: {fileID: 0}
    - target: {fileID: 5407980380735885865, guid: f1b3dcf5f54b33642a3e230cc46db0eb, type: 3}
      propertyPath: m_LocalPosition.z
      value: -30.25
      objectReference: {fileID: 0}
    - target: {fileID: 5407980380735885865, guid: f1b3dcf5f54b33642a3e230cc46db0eb, type: 3}
      propertyPath: m_LocalRotation.w
      value: 0.92778224
      objectReference: {fileID: 0}
    - target: {fileID: 5407980380735885865, guid: f1b3dcf5f54b33642a3e230cc46db0eb, type: 3}
      propertyPath: m_LocalRotation.x
      value: 0.37312216
      objectReference: {fileID: 0}
    - target: {fileID: 5407980380735885865, guid: f1b3dcf5f54b33642a3e230cc46db0eb, type: 3}
      propertyPath: m_LocalRotation.y
      value: -0
      objectReference: {fileID: 0}
    - target: {fileID: 5407980380735885865, guid: f1b3dcf5f54b33642a3e230cc46db0eb, type: 3}
      propertyPath: m_LocalRotation.z
      value: -0
      objectReference: {fileID: 0}
    - target: {fileID: 5407980380735885865, guid: f1b3dcf5f54b33642a3e230cc46db0eb, type: 3}
      propertyPath: m_LocalEulerAnglesHint.x
      value: 43.817
      objectReference: {fileID: 0}
    - target: {fileID: 5407980380735885865, guid: f1b3dcf5f54b33642a3e230cc46db0eb, type: 3}
      propertyPath: m_LocalEulerAnglesHint.y
      value: 0
      objectReference: {fileID: 0}
    - target: {fileID: 5407980380735885865, guid: f1b3dcf5f54b33642a3e230cc46db0eb, type: 3}
      propertyPath: m_LocalEulerAnglesHint.z
      value: 0
      objectReference: {fileID: 0}
    m_RemovedComponents: []
  m_SourcePrefab: {fileID: 100100000, guid: f1b3dcf5f54b33642a3e230cc46db0eb, type: 3}
--- !u!1001 &7161637831581609989
PrefabInstance:
  m_ObjectHideFlags: 0
  serializedVersion: 2
  m_Modification:
    m_TransformParent: {fileID: 0}
    m_Modifications:
    - target: {fileID: 7161637831064355001, guid: ebdc1c986e0c1344aa97149d153190fd, type: 3}
      propertyPath: m_Name
      value: GameUI
      objectReference: {fileID: 0}
    - target: {fileID: 7161637831064355001, guid: ebdc1c986e0c1344aa97149d153190fd, type: 3}
      propertyPath: m_IsActive
      value: 0
      objectReference: {fileID: 0}
    - target: {fileID: 7161637831064355013, guid: ebdc1c986e0c1344aa97149d153190fd, type: 3}
      propertyPath: m_Pivot.x
      value: 0
      objectReference: {fileID: 0}
    - target: {fileID: 7161637831064355013, guid: ebdc1c986e0c1344aa97149d153190fd, type: 3}
      propertyPath: m_Pivot.y
      value: 0
      objectReference: {fileID: 0}
    - target: {fileID: 7161637831064355013, guid: ebdc1c986e0c1344aa97149d153190fd, type: 3}
      propertyPath: m_RootOrder
      value: 6
      objectReference: {fileID: 0}
    - target: {fileID: 7161637831064355013, guid: ebdc1c986e0c1344aa97149d153190fd, type: 3}
      propertyPath: m_AnchorMax.x
      value: 0
      objectReference: {fileID: 0}
    - target: {fileID: 7161637831064355013, guid: ebdc1c986e0c1344aa97149d153190fd, type: 3}
      propertyPath: m_AnchorMax.y
      value: 0
      objectReference: {fileID: 0}
    - target: {fileID: 7161637831064355013, guid: ebdc1c986e0c1344aa97149d153190fd, type: 3}
      propertyPath: m_AnchorMin.x
      value: 0
      objectReference: {fileID: 0}
    - target: {fileID: 7161637831064355013, guid: ebdc1c986e0c1344aa97149d153190fd, type: 3}
      propertyPath: m_AnchorMin.y
      value: 0
      objectReference: {fileID: 0}
    - target: {fileID: 7161637831064355013, guid: ebdc1c986e0c1344aa97149d153190fd, type: 3}
      propertyPath: m_SizeDelta.x
      value: 0
      objectReference: {fileID: 0}
    - target: {fileID: 7161637831064355013, guid: ebdc1c986e0c1344aa97149d153190fd, type: 3}
      propertyPath: m_SizeDelta.y
      value: 0
      objectReference: {fileID: 0}
    - target: {fileID: 7161637831064355013, guid: ebdc1c986e0c1344aa97149d153190fd, type: 3}
      propertyPath: m_LocalPosition.x
      value: 0
      objectReference: {fileID: 0}
    - target: {fileID: 7161637831064355013, guid: ebdc1c986e0c1344aa97149d153190fd, type: 3}
      propertyPath: m_LocalPosition.y
      value: 0
      objectReference: {fileID: 0}
    - target: {fileID: 7161637831064355013, guid: ebdc1c986e0c1344aa97149d153190fd, type: 3}
      propertyPath: m_LocalPosition.z
      value: 0
      objectReference: {fileID: 0}
    - target: {fileID: 7161637831064355013, guid: ebdc1c986e0c1344aa97149d153190fd, type: 3}
      propertyPath: m_LocalRotation.w
      value: 1
      objectReference: {fileID: 0}
    - target: {fileID: 7161637831064355013, guid: ebdc1c986e0c1344aa97149d153190fd, type: 3}
      propertyPath: m_LocalRotation.x
      value: 0
      objectReference: {fileID: 0}
    - target: {fileID: 7161637831064355013, guid: ebdc1c986e0c1344aa97149d153190fd, type: 3}
      propertyPath: m_LocalRotation.y
      value: 0
      objectReference: {fileID: 0}
    - target: {fileID: 7161637831064355013, guid: ebdc1c986e0c1344aa97149d153190fd, type: 3}
      propertyPath: m_LocalRotation.z
      value: 0
      objectReference: {fileID: 0}
    - target: {fileID: 7161637831064355013, guid: ebdc1c986e0c1344aa97149d153190fd, type: 3}
      propertyPath: m_AnchoredPosition.x
      value: 0
      objectReference: {fileID: 0}
    - target: {fileID: 7161637831064355013, guid: ebdc1c986e0c1344aa97149d153190fd, type: 3}
      propertyPath: m_AnchoredPosition.y
      value: 0
      objectReference: {fileID: 0}
    - target: {fileID: 7161637831064355013, guid: ebdc1c986e0c1344aa97149d153190fd, type: 3}
      propertyPath: m_LocalEulerAnglesHint.x
      value: 0
      objectReference: {fileID: 0}
    - target: {fileID: 7161637831064355013, guid: ebdc1c986e0c1344aa97149d153190fd, type: 3}
      propertyPath: m_LocalEulerAnglesHint.y
      value: 0
      objectReference: {fileID: 0}
    - target: {fileID: 7161637831064355013, guid: ebdc1c986e0c1344aa97149d153190fd, type: 3}
      propertyPath: m_LocalEulerAnglesHint.z
      value: 0
      objectReference: {fileID: 0}
    m_RemovedComponents: []
  m_SourcePrefab: {fileID: 100100000, guid: ebdc1c986e0c1344aa97149d153190fd, type: 3}
