%YAML 1.1
%TAG !u! tag:unity3d.com,2011:
--- !u!1 &6048647717007677924
GameObject:
  m_ObjectHideFlags: 0
  m_CorrespondingSourceObject: {fileID: 0}
  m_PrefabInstance: {fileID: 0}
  m_PrefabAsset: {fileID: 0}
  serializedVersion: 6
  m_Component:
  - component: {fileID: 6048647717007677930}
  - component: {fileID: 6048647717007677931}
  m_Layer: 0
  m_Name: GameController
  m_TagString: Untagged
  m_Icon: {fileID: 0}
  m_NavMeshLayer: 0
  m_StaticEditorFlags: 0
  m_IsActive: 1
--- !u!4 &6048647717007677930
Transform:
  m_ObjectHideFlags: 0
  m_CorrespondingSourceObject: {fileID: 0}
  m_PrefabInstance: {fileID: 0}
  m_PrefabAsset: {fileID: 0}
  m_GameObject: {fileID: 6048647717007677924}
  m_LocalRotation: {x: 0, y: 0, z: 0, w: 1}
  m_LocalPosition: {x: 0, y: 0, z: 0}
  m_LocalScale: {x: 1, y: 1, z: 1}
  m_Children:
  - {fileID: 6832774758053079603}
  m_Father: {fileID: 0}
  m_RootOrder: 0
  m_LocalEulerAnglesHint: {x: 0, y: 0, z: 0}
--- !u!114 &6048647717007677931
MonoBehaviour:
  m_ObjectHideFlags: 0
  m_CorrespondingSourceObject: {fileID: 0}
  m_PrefabInstance: {fileID: 0}
  m_PrefabAsset: {fileID: 0}
  m_GameObject: {fileID: 6048647717007677924}
  m_Enabled: 1
  m_EditorHideFlags: 0
  m_Script: {fileID: 11500000, guid: af094afc3eb04474dad5c663eac86315, type: 3}
  m_Name: 
  m_EditorClassIdentifier: 
  BlockCrane: {fileID: 0}
  BlockPrefabs:
  - {fileID: 2035235690664195251, guid: 62a28d6173c7bb34f869046d19e76e16, type: 3}
  - {fileID: 631901531790851274, guid: 0424f31dcfdd9e0489185896b9278f7b, type: 3}
  - {fileID: 1465899734357284518, guid: 1190e61974cc5e3478aac2ea2a1c722e, type: 3}
  - {fileID: 4241330662690227304, guid: fce4c48e77f7f0e449eb2533a7d0ab30, type: 3}
  - {fileID: 6555633673788581079, guid: 8a5ac77109c0fa048b69b48b6c9bc246, type: 3}
  - {fileID: 2943644119144782128, guid: bfa2ef17316ed7342a7b117cffaa5c24, type: 3}
  StartPoint: {x: 0, y: 30, z: 0}
  DownwardsSpeed: 0.5
  RespawnCooldown: 1
  PlayerHighScore: 0
  GameOver: 0
  ActiveBlock: {fileID: 0}
  AllBlocks: []
--- !u!1 &7043064987192341786
GameObject:
  m_ObjectHideFlags: 0
  m_CorrespondingSourceObject: {fileID: 0}
  m_PrefabInstance: {fileID: 0}
  m_PrefabAsset: {fileID: 0}
  serializedVersion: 6
  m_Component:
  - component: {fileID: 6832774758053079603}
  - component: {fileID: 5927740238566150368}
  m_Layer: 0
  m_Name: GameOverWatcher
  m_TagString: Untagged
  m_Icon: {fileID: 0}
  m_NavMeshLayer: 0
  m_StaticEditorFlags: 0
  m_IsActive: 1
--- !u!4 &6832774758053079603
Transform:
  m_ObjectHideFlags: 0
  m_CorrespondingSourceObject: {fileID: 0}
  m_PrefabInstance: {fileID: 0}
  m_PrefabAsset: {fileID: 0}
  m_GameObject: {fileID: 7043064987192341786}
  m_LocalRotation: {x: 0, y: 0, z: 0, w: 1}
  m_LocalPosition: {x: 0, y: 0, z: 0}
  m_LocalScale: {x: 1, y: 1, z: 1}
  m_Children: []
  m_Father: {fileID: 6048647717007677930}
  m_RootOrder: 0
  m_LocalEulerAnglesHint: {x: 0, y: 0, z: 0}
--- !u!114 &5927740238566150368
MonoBehaviour:
  m_ObjectHideFlags: 0
  m_CorrespondingSourceObject: {fileID: 0}
  m_PrefabInstance: {fileID: 0}
  m_PrefabAsset: {fileID: 0}
  m_GameObject: {fileID: 7043064987192341786}
  m_Enabled: 1
  m_EditorHideFlags: 0
  m_Script: {fileID: 11500000, guid: 0ac432317f2f5ef40aa2e2c5375dd588, type: 3}
  m_Name: 
  m_EditorClassIdentifier: 
  RangeThreshold: 7
  BlockOutsideThreshold: 2
