%YAML 1.1
%TAG !u! tag:unity3d.com,2011:
--- !u!65 &4025697583318599696
BoxCollider:
  m_ObjectHideFlags: 0
  m_CorrespondingSourceObject: {fileID: 0}
  m_PrefabInstance: {fileID: 0}
  m_PrefabAsset: {fileID: 0}
  m_GameObject: {fileID: 2142270525101188709}
  m_Material: {fileID: 0}
  m_IsTrigger: 0
  m_Enabled: 1
  serializedVersion: 2
  m_Size: {x: 2, y: 2.0804014, z: 2}
  m_Center: {x: 0, y: 0.04020077, z: 0}
--- !u!1 &4025697583373450164
GameObject:
  m_ObjectHideFlags: 0
  m_CorrespondingSourceObject: {fileID: 0}
  m_PrefabInstance: {fileID: 0}
  m_PrefabAsset: {fileID: 0}
  serializedVersion: 6
  m_Component:
  - component: {fileID: 4025697583373450167}
  - component: {fileID: 2835820035054274809}
  m_Layer: 6
  m_Name: Plato
  m_TagString: Untagged
  m_Icon: {fileID: 0}
  m_NavMeshLayer: 0
  m_StaticEditorFlags: 0
  m_IsActive: 1
--- !u!4 &4025697583373450167
Transform:
  m_ObjectHideFlags: 0
  m_CorrespondingSourceObject: {fileID: 0}
  m_PrefabInstance: {fileID: 0}
  m_PrefabAsset: {fileID: 0}
  m_GameObject: {fileID: 4025697583373450164}
  m_LocalRotation: {x: 0, y: 0, z: 0, w: 1}
  m_LocalPosition: {x: 0, y: 0, z: 0}
  m_LocalScale: {x: 1, y: 1, z: 1}
  m_Children:
  - {fileID: 3482584206274617315}
  m_Father: {fileID: 0}
  m_RootOrder: 0
  m_LocalEulerAnglesHint: {x: 0, y: 0, z: 0}
--- !u!65 &2835820035054274809
BoxCollider:
  m_ObjectHideFlags: 0
  m_CorrespondingSourceObject: {fileID: 0}
  m_PrefabInstance: {fileID: 0}
  m_PrefabAsset: {fileID: 0}
  m_GameObject: {fileID: 4025697583373450164}
  m_Material: {fileID: 0}
  m_IsTrigger: 1
  m_Enabled: 0
  serializedVersion: 2
  m_Size: {x: 15, y: 1, z: 15}
  m_Center: {x: 0, y: -0.44, z: 0}
--- !u!64 &446688525
MeshCollider:
  m_ObjectHideFlags: 0
  m_CorrespondingSourceObject: {fileID: 0}
  m_PrefabInstance: {fileID: 0}
  m_PrefabAsset: {fileID: 0}
  m_GameObject: {fileID: 6193713668086848385}
  m_Material: {fileID: 0}
  m_IsTrigger: 0
  m_Enabled: 1
  serializedVersion: 4
  m_Convex: 0
  m_CookingOptions: 30
  m_Mesh: {fileID: -3351105198072064067, guid: 1391afb5e0037ac49bbf84aaaa934fbe, type: 3}
--- !u!1001 &4025697582027061256
PrefabInstance:
  m_ObjectHideFlags: 0
  serializedVersion: 2
  m_Modification:
    m_TransformParent: {fileID: 4025697583373450167}
    m_Modifications:
    - target: {fileID: -8679921383154817045, guid: 1391afb5e0037ac49bbf84aaaa934fbe, type: 3}
      propertyPath: m_RootOrder
      value: 0
      objectReference: {fileID: 0}
    - target: {fileID: -8679921383154817045, guid: 1391afb5e0037ac49bbf84aaaa934fbe, type: 3}
      propertyPath: m_LocalPosition.x
      value: 0
      objectReference: {fileID: 0}
    - target: {fileID: -8679921383154817045, guid: 1391afb5e0037ac49bbf84aaaa934fbe, type: 3}
      propertyPath: m_LocalPosition.y
      value: 0
      objectReference: {fileID: 0}
    - target: {fileID: -8679921383154817045, guid: 1391afb5e0037ac49bbf84aaaa934fbe, type: 3}
      propertyPath: m_LocalPosition.z
      value: 0
      objectReference: {fileID: 0}
    - target: {fileID: -8679921383154817045, guid: 1391afb5e0037ac49bbf84aaaa934fbe, type: 3}
      propertyPath: m_LocalRotation.w
      value: 1
      objectReference: {fileID: 0}
    - target: {fileID: -8679921383154817045, guid: 1391afb5e0037ac49bbf84aaaa934fbe, type: 3}
      propertyPath: m_LocalRotation.x
      value: 0
      objectReference: {fileID: 0}
    - target: {fileID: -8679921383154817045, guid: 1391afb5e0037ac49bbf84aaaa934fbe, type: 3}
      propertyPath: m_LocalRotation.y
      value: 0
      objectReference: {fileID: 0}
    - target: {fileID: -8679921383154817045, guid: 1391afb5e0037ac49bbf84aaaa934fbe, type: 3}
      propertyPath: m_LocalRotation.z
      value: 0
      objectReference: {fileID: 0}
    - target: {fileID: -8679921383154817045, guid: 1391afb5e0037ac49bbf84aaaa934fbe, type: 3}
      propertyPath: m_LocalEulerAnglesHint.x
      value: 0
      objectReference: {fileID: 0}
    - target: {fileID: -8679921383154817045, guid: 1391afb5e0037ac49bbf84aaaa934fbe, type: 3}
      propertyPath: m_LocalEulerAnglesHint.y
      value: 0
      objectReference: {fileID: 0}
    - target: {fileID: -8679921383154817045, guid: 1391afb5e0037ac49bbf84aaaa934fbe, type: 3}
      propertyPath: m_LocalEulerAnglesHint.z
      value: 0
      objectReference: {fileID: 0}
    - target: {fileID: -1832193261621143485, guid: 1391afb5e0037ac49bbf84aaaa934fbe, type: 3}
      propertyPath: m_Materials.Array.size
      value: 2
      objectReference: {fileID: 0}
    - target: {fileID: -1832193261621143485, guid: 1391afb5e0037ac49bbf84aaaa934fbe, type: 3}
      propertyPath: m_Materials.Array.data[0]
      value: 
      objectReference: {fileID: 2100000, guid: 8e37bb164d412374799c13ed7220e312, type: 2}
    - target: {fileID: -1832193261621143485, guid: 1391afb5e0037ac49bbf84aaaa934fbe, type: 3}
      propertyPath: m_Materials.Array.data[1]
      value: 
      objectReference: {fileID: 2100000, guid: b90b663950912be4eb2590a99601d1c0, type: 2}
    - target: {fileID: -1832193261621143485, guid: 1391afb5e0037ac49bbf84aaaa934fbe, type: 3}
      propertyPath: m_Materials.Array.data[2]
      value: 
      objectReference: {fileID: 2100000, guid: b90b663950912be4eb2590a99601d1c0, type: 2}
    - target: {fileID: 919132149155446097, guid: 1391afb5e0037ac49bbf84aaaa934fbe, type: 3}
      propertyPath: m_Name
      value: Model
      objectReference: {fileID: 0}
    - target: {fileID: 919132149155446097, guid: 1391afb5e0037ac49bbf84aaaa934fbe, type: 3}
      propertyPath: m_Layer
      value: 6
      objectReference: {fileID: 0}
    - target: {fileID: 3054840423507631725, guid: 1391afb5e0037ac49bbf84aaaa934fbe, type: 3}
      propertyPath: m_Layer
      value: 6
      objectReference: {fileID: 0}
    - target: {fileID: 6273059603445196723, guid: 1391afb5e0037ac49bbf84aaaa934fbe, type: 3}
      propertyPath: m_Layer
      value: 6
      objectReference: {fileID: 0}
    - target: {fileID: 7073566619176493961, guid: 1391afb5e0037ac49bbf84aaaa934fbe, type: 3}
      propertyPath: m_Layer
      value: 6
      objectReference: {fileID: 0}
    m_RemovedComponents: []
  m_SourcePrefab: {fileID: 100100000, guid: 1391afb5e0037ac49bbf84aaaa934fbe, type: 3}
--- !u!4 &3482584206274617315 stripped
Transform:
  m_CorrespondingSourceObject: {fileID: -8679921383154817045, guid: 1391afb5e0037ac49bbf84aaaa934fbe, type: 3}
  m_PrefabInstance: {fileID: 4025697582027061256}
  m_PrefabAsset: {fileID: 0}
--- !u!1 &6193713668086848385 stripped
GameObject:
  m_CorrespondingSourceObject: {fileID: 7073566619176493961, guid: 1391afb5e0037ac49bbf84aaaa934fbe, type: 3}
  m_PrefabInstance: {fileID: 4025697582027061256}
  m_PrefabAsset: {fileID: 0}
--- !u!1 &2142270525101188709 stripped
GameObject:
  m_CorrespondingSourceObject: {fileID: 3054840423507631725, guid: 1391afb5e0037ac49bbf84aaaa934fbe, type: 3}
  m_PrefabInstance: {fileID: 4025697582027061256}
  m_PrefabAsset: {fileID: 0}
