%YAML 1.1
%TAG !u! tag:unity3d.com,2011:
--- !u!1 &4241330662690227304
GameObject:
  m_ObjectHideFlags: 0
  m_CorrespondingSourceObject: {fileID: 0}
  m_PrefabInstance: {fileID: 0}
  m_PrefabAsset: {fileID: 0}
  serializedVersion: 6
  m_Component:
  - component: {fileID: 4533622300277419621}
  - component: {fileID: 3000774283746887448}
  - component: {fileID: 6322443396364899532}
  - component: {fileID: 8522249589898133008}
  - component: {fileID: 275999161176574223}
  - component: {fileID: 379864797466171475}
  - component: {fileID: 4522100264933516056}
  - component: {fileID: 4122160379470780115}
  - component: {fileID: 6318000215460767782}
  - component: {fileID: 97371707502077762}
  - component: {fileID: 7507286246825975550}
  m_Layer: 7
  m_Name: BlockT
  m_TagString: Untagged
  m_Icon: {fileID: 0}
  m_NavMeshLayer: 0
  m_StaticEditorFlags: 0
  m_IsActive: 1
--- !u!4 &4533622300277419621
Transform:
  m_ObjectHideFlags: 0
  m_CorrespondingSourceObject: {fileID: 0}
  m_PrefabInstance: {fileID: 0}
  m_PrefabAsset: {fileID: 0}
  m_GameObject: {fileID: 4241330662690227304}
  m_LocalRotation: {x: 0, y: 0, z: 0, w: 1}
  m_LocalPosition: {x: 0, y: 0, z: 0}
  m_LocalScale: {x: 0.98, y: 0.98, z: 0.98}
  m_Children:
  - {fileID: 4204828109444905184}
  m_Father: {fileID: 0}
  m_RootOrder: 0
  m_LocalEulerAnglesHint: {x: 0, y: 0, z: 0}
--- !u!54 &3000774283746887448
Rigidbody:
  m_ObjectHideFlags: 0
  m_CorrespondingSourceObject: {fileID: 0}
  m_PrefabInstance: {fileID: 0}
  m_PrefabAsset: {fileID: 0}
  m_GameObject: {fileID: 4241330662690227304}
  serializedVersion: 2
  m_Mass: 10
  m_Drag: 0.8
  m_AngularDrag: 0.05
  m_UseGravity: 1
  m_IsKinematic: 0
  m_Interpolate: 0
  m_Constraints: 0
  m_CollisionDetection: 0
--- !u!65 &6322443396364899532
BoxCollider:
  m_ObjectHideFlags: 0
  m_CorrespondingSourceObject: {fileID: 0}
  m_PrefabInstance: {fileID: 0}
  m_PrefabAsset: {fileID: 0}
  m_GameObject: {fileID: 4241330662690227304}
  m_Material: {fileID: 13400000, guid: f1236a64d53c67842aa56c5296156592, type: 2}
  m_IsTrigger: 0
  m_Enabled: 1
  serializedVersion: 2
  m_Size: {x: 1.9, y: 1.9, z: 1.9}
  m_Center: {x: -2, y: 0, z: 0}
--- !u!65 &8522249589898133008
BoxCollider:
  m_ObjectHideFlags: 0
  m_CorrespondingSourceObject: {fileID: 0}
  m_PrefabInstance: {fileID: 0}
  m_PrefabAsset: {fileID: 0}
  m_GameObject: {fileID: 4241330662690227304}
  m_Material: {fileID: 13400000, guid: f1236a64d53c67842aa56c5296156592, type: 2}
  m_IsTrigger: 1
  m_Enabled: 1
  serializedVersion: 2
  m_Size: {x: 1.9, y: 1.9, z: 1.9}
  m_Center: {x: -2, y: 0, z: 0}
--- !u!65 &275999161176574223
BoxCollider:
  m_ObjectHideFlags: 0
  m_CorrespondingSourceObject: {fileID: 0}
  m_PrefabInstance: {fileID: 0}
  m_PrefabAsset: {fileID: 0}
  m_GameObject: {fileID: 4241330662690227304}
  m_Material: {fileID: 13400000, guid: f1236a64d53c67842aa56c5296156592, type: 2}
  m_IsTrigger: 0
  m_Enabled: 1
  serializedVersion: 2
  m_Size: {x: 1.9, y: 1.9, z: 1.9}
  m_Center: {x: 0, y: 0, z: -2}
--- !u!65 &379864797466171475
BoxCollider:
  m_ObjectHideFlags: 0
  m_CorrespondingSourceObject: {fileID: 0}
  m_PrefabInstance: {fileID: 0}
  m_PrefabAsset: {fileID: 0}
  m_GameObject: {fileID: 4241330662690227304}
  m_Material: {fileID: 13400000, guid: f1236a64d53c67842aa56c5296156592, type: 2}
  m_IsTrigger: 1
  m_Enabled: 1
  serializedVersion: 2
  m_Size: {x: 1.9, y: 1.9, z: 1.9}
  m_Center: {x: 0, y: 0, z: -2}
--- !u!114 &4522100264933516056
MonoBehaviour:
  m_ObjectHideFlags: 0
  m_CorrespondingSourceObject: {fileID: 0}
  m_PrefabInstance: {fileID: 0}
  m_PrefabAsset: {fileID: 0}
  m_GameObject: {fileID: 4241330662690227304}
  m_Enabled: 1
  m_EditorHideFlags: 0
  m_Script: {fileID: 11500000, guid: 4020b36b7511eaa4fb1bcd82d7b32d76, type: 3}
  m_Name: 
  m_EditorClassIdentifier: 
--- !u!65 &4122160379470780115
BoxCollider:
  m_ObjectHideFlags: 0
  m_CorrespondingSourceObject: {fileID: 0}
  m_PrefabInstance: {fileID: 0}
  m_PrefabAsset: {fileID: 0}
  m_GameObject: {fileID: 4241330662690227304}
  m_Material: {fileID: 13400000, guid: f1236a64d53c67842aa56c5296156592, type: 2}
  m_IsTrigger: 0
  m_Enabled: 1
  serializedVersion: 2
  m_Size: {x: 1.9, y: 1.9, z: 1.9}
  m_Center: {x: 0, y: 0, z: 0}
--- !u!65 &6318000215460767782
BoxCollider:
  m_ObjectHideFlags: 0
  m_CorrespondingSourceObject: {fileID: 0}
  m_PrefabInstance: {fileID: 0}
  m_PrefabAsset: {fileID: 0}
  m_GameObject: {fileID: 4241330662690227304}
  m_Material: {fileID: 13400000, guid: f1236a64d53c67842aa56c5296156592, type: 2}
  m_IsTrigger: 1
  m_Enabled: 1
  serializedVersion: 2
  m_Size: {x: 1.9, y: 1.9, z: 1.9}
  m_Center: {x: 0, y: 0, z: 0}
--- !u!65 &97371707502077762
BoxCollider:
  m_ObjectHideFlags: 0
  m_CorrespondingSourceObject: {fileID: 0}
  m_PrefabInstance: {fileID: 0}
  m_PrefabAsset: {fileID: 0}
  m_GameObject: {fileID: 4241330662690227304}
  m_Material: {fileID: 13400000, guid: f1236a64d53c67842aa56c5296156592, type: 2}
  m_IsTrigger: 0
  m_Enabled: 1
  serializedVersion: 2
  m_Size: {x: 1.9, y: 1.9, z: 1.9}
  m_Center: {x: 2, y: 0, z: 0}
--- !u!65 &7507286246825975550
BoxCollider:
  m_ObjectHideFlags: 0
  m_CorrespondingSourceObject: {fileID: 0}
  m_PrefabInstance: {fileID: 0}
  m_PrefabAsset: {fileID: 0}
  m_GameObject: {fileID: 4241330662690227304}
  m_Material: {fileID: 13400000, guid: f1236a64d53c67842aa56c5296156592, type: 2}
  m_IsTrigger: 1
  m_Enabled: 1
  serializedVersion: 2
  m_Size: {x: 1.9, y: 1.9, z: 1.9}
  m_Center: {x: 2, y: 0, z: 0}
--- !u!1001 &4454118985595035403
PrefabInstance:
  m_ObjectHideFlags: 0
  serializedVersion: 2
  m_Modification:
    m_TransformParent: {fileID: 4533622300277419621}
    m_Modifications:
    - target: {fileID: -8679921383154817045, guid: 9719dd8a8c6e77b46a7204f7a0b0a51c, type: 3}
      propertyPath: m_RootOrder
      value: 0
      objectReference: {fileID: 0}
    - target: {fileID: -8679921383154817045, guid: 9719dd8a8c6e77b46a7204f7a0b0a51c, type: 3}
      propertyPath: m_LocalScale.x
      value: 1
      objectReference: {fileID: 0}
    - target: {fileID: -8679921383154817045, guid: 9719dd8a8c6e77b46a7204f7a0b0a51c, type: 3}
      propertyPath: m_LocalScale.y
      value: 1
      objectReference: {fileID: 0}
    - target: {fileID: -8679921383154817045, guid: 9719dd8a8c6e77b46a7204f7a0b0a51c, type: 3}
      propertyPath: m_LocalScale.z
      value: 1
      objectReference: {fileID: 0}
    - target: {fileID: -8679921383154817045, guid: 9719dd8a8c6e77b46a7204f7a0b0a51c, type: 3}
      propertyPath: m_LocalPosition.x
      value: 0
      objectReference: {fileID: 0}
    - target: {fileID: -8679921383154817045, guid: 9719dd8a8c6e77b46a7204f7a0b0a51c, type: 3}
      propertyPath: m_LocalPosition.y
      value: 0
      objectReference: {fileID: 0}
    - target: {fileID: -8679921383154817045, guid: 9719dd8a8c6e77b46a7204f7a0b0a51c, type: 3}
      propertyPath: m_LocalPosition.z
      value: 0
      objectReference: {fileID: 0}
    - target: {fileID: -8679921383154817045, guid: 9719dd8a8c6e77b46a7204f7a0b0a51c, type: 3}
      propertyPath: m_LocalRotation.w
      value: 1
      objectReference: {fileID: 0}
    - target: {fileID: -8679921383154817045, guid: 9719dd8a8c6e77b46a7204f7a0b0a51c, type: 3}
      propertyPath: m_LocalRotation.x
      value: -0
      objectReference: {fileID: 0}
    - target: {fileID: -8679921383154817045, guid: 9719dd8a8c6e77b46a7204f7a0b0a51c, type: 3}
      propertyPath: m_LocalRotation.y
      value: -0
      objectReference: {fileID: 0}
    - target: {fileID: -8679921383154817045, guid: 9719dd8a8c6e77b46a7204f7a0b0a51c, type: 3}
      propertyPath: m_LocalRotation.z
      value: -0
      objectReference: {fileID: 0}
    - target: {fileID: -8679921383154817045, guid: 9719dd8a8c6e77b46a7204f7a0b0a51c, type: 3}
      propertyPath: m_LocalEulerAnglesHint.x
      value: 0
      objectReference: {fileID: 0}
    - target: {fileID: -8679921383154817045, guid: 9719dd8a8c6e77b46a7204f7a0b0a51c, type: 3}
      propertyPath: m_LocalEulerAnglesHint.y
      value: 0
      objectReference: {fileID: 0}
    - target: {fileID: -8679921383154817045, guid: 9719dd8a8c6e77b46a7204f7a0b0a51c, type: 3}
      propertyPath: m_LocalEulerAnglesHint.z
      value: 0
      objectReference: {fileID: 0}
    - target: {fileID: -7511558181221131132, guid: 9719dd8a8c6e77b46a7204f7a0b0a51c, type: 3}
      propertyPath: m_Enabled
      value: 1
      objectReference: {fileID: 0}
    - target: {fileID: -7511558181221131132, guid: 9719dd8a8c6e77b46a7204f7a0b0a51c, type: 3}
      propertyPath: m_Materials.Array.data[0]
      value: 
      objectReference: {fileID: 2100000, guid: 8eefa73f88da40e42a603e16995da2d3, type: 2}
    - target: {fileID: 919132149155446097, guid: 9719dd8a8c6e77b46a7204f7a0b0a51c, type: 3}
      propertyPath: m_Name
      value: Model
      objectReference: {fileID: 0}
    - target: {fileID: 919132149155446097, guid: 9719dd8a8c6e77b46a7204f7a0b0a51c, type: 3}
      propertyPath: m_Layer
      value: 7
      objectReference: {fileID: 0}
    - target: {fileID: 919132149155446097, guid: 9719dd8a8c6e77b46a7204f7a0b0a51c, type: 3}
      propertyPath: m_IsActive
      value: 1
      objectReference: {fileID: 0}
    m_RemovedComponents: []
  m_SourcePrefab: {fileID: 100100000, guid: 9719dd8a8c6e77b46a7204f7a0b0a51c, type: 3}
--- !u!4 &4204828109444905184 stripped
Transform:
  m_CorrespondingSourceObject: {fileID: -8679921383154817045, guid: 9719dd8a8c6e77b46a7204f7a0b0a51c, type: 3}
  m_PrefabInstance: {fileID: 4454118985595035403}
  m_PrefabAsset: {fileID: 0}
